=LDR  00688    a2200241   4500
=001  it22000001
=003  CZ\PrUCL
=008  221218s1990----xx------------------ita-d
=040  \\$aABB060$ccze$erda
=041  1\$aswe$hcze
=100  1\$aHavel, Václav $4aut$7jk01040240
=240  10$aOriginál neexistuje$1italsky
=245  10$aAudiens. Vernissage. Protest $b Tre enaktare of författaren Vaněk / $cÖvers. Evan Lindekrantz och Kent Andersson. Förord av förf. 
=264  \1$aLund :$bPegas,$c1990
=300  \\$a118
=506  \\
=700  1\$aLindekrantz, Eva $4trl
=700  1\$a Andersson, Kent$4trl
=910  \\$aABB060
=964  \\
=964  \\$aTRL
=998  \\$aBergstrand 1992
=OWN  \\$aUCLA

