=LDR  00603    a2200205   4500
=001  it22000005
=003  CZ\PrUCL
=008  221218s2011----xx------------------ita-d
=040  \\$aABB060$ccze$erda
=041  1\$aara$hcze
=100  1\$aNěmcová, Božena $4aut$7jk01083016
=240  10$aBabička$1italsky
=245  10$aالجدة [Al-Džadda]
=264  \1$aDamašek :$bلهيئة العامة السورية للكتاب ,$c2011
=700  1\$a [česká transkripce]غياث الموصلي$4trl
=910  \\$aABB060
=964  \\
=964  \\$aTRL
=998  \\$ahttps://www.goodreads.com/book/show/26818878
=OWN  \\$aUCLA

