=LDR  00606    a2200217   4500
=001  it22000006
=003  CZ\PrUCL
=008  221218s1965----xx------------------ita-d
=040  \\$aABB060$ccze$erda
=041  1\$aswe$hcze
=240  10$aOriginál neexistuje$1italsky
=245  10$aNy tjeckisk och slovakisk prosa$cI urval och med förord och författarpresentationer av Marie Rádlová-Jensen
=264  \1$aStockholm :$bW&W $c1965
=264  \1$a Helsinki :$bSchildt,$c1965
=300  \\$a197
=700  1\$aOlsson, Gunnar$4trl
=910  \\$aABB060
=964  \\
=964  \\$aTRL
=998  \\$aBergstrand 1992
=OWN  \\$aUCLA

