=LDR  00520    a2200217   4500
=001  it22000008
=003  CZ\PrUCL
=008  221218s1970----xx------------------ita-d
=040  \\$aABB060$ccze$erda
=041  1\$aswe$hcze
=100  1\$aProcházka, Jan $4aut$7jk01101145
=240  10$aAť žije republika$1italsky
=245  10$aLeve republiken!
=264  \1$aStockholm :$bRabén ,$c1970
=300  \\$a212
=700  1\$aHoffsten, Olof$4trl
=910  \\$aABB060
=964  \\
=964  \\$aTRL
=998  \\$aBergstrand 1992
=OWN  \\$aUCLA

