=LDR  00639    a2200217   4500
=001  it22000009
=003  CZ\PrUCL
=008  221218s1977----xx------------------ita-d
=040  \\$aABB060$ccze$erda
=041  1\$aswe$hcze
=100  1\$aProcházka, Jan $4aut$7jk01101145
=240  10$aNaše bláznivá rodina$1italsky
=245  10$aVilket tokig familj!$cIllustr. av Frans Haaken. Övers. Sune Karlsson. Övers. fraan den tyska utg. Was für eine verrückte Familie. 
=264  \1$aStockholm :$bBergh,$c1977
=300  \\$a75
=700  1\$aKarlsson, Sune$4trl
=910  \\$aABB060
=964  \\
=964  \\$aTRL
=998  \\$aBergstrand 1992
=OWN  \\$aUCLA

