=LDR  00668    a2200229   4500
=001  it22000012
=003  CZ\PrUCL
=008  221218s1997----it------------------ita-d
=020  \\$a88-06-14663-7
=040  \\$aABB060$ccze$erda
=041  1\$aita$hcze
=100  1\$aFuks, Ladislav $4aut$7jk01032159
=240  10$aPan Theodor Mundstock$1italsky
=245  10$aIl signor Theodor Mundstock
=264  \1$aTorino :$bEinaudi,$c1997
=300  \\$a219
=700  1\$aBrignole, Francesco$4trl
=910  \\$aABB060
=964  \\
=964  \\$aTRL
=998  \\$ahttps://opac.sbn.it/risultati-ricerca-avanzata/-/opac-adv/detail/LO10446484 § https://www.worldcat.org/title/797591192
=OWN  \\$aUCLA

