=LDR  00581    a2200217   4500
=001  it22000014
=003  CZ\PrUCL
=008  221218s1961----it------------------ita-d
=040  \\$aABB060$ccze$erda
=041  1\$aita$hcze
=100  1\$aČapek, Karel $4aut$7jn19981002512
=240  10$aVálka s mloky$1italsky
=245  10$a La guerra delle salamandre$cIllustrazioni di Tono Zancanaro 
=264  \1$aRoma :$bEditori riuniti,$c1961
=300  \\$a367
=700  1\$aMeriggi, Bruno $4trl
=910  \\$aABB060
=964  \\
=964  \\$aTRL
=998  \\$ahttp://id.sbn.it/bid/SBL0136283
=OWN  \\$aUCLA

