=LDR  00554    a2200229   4500
=001  it22000015
=003  CZ\PrUCL
=008  221218s1961----it------------------ita-d
=040  \\$aABB060$ccze$erda
=041  1\$aita $hcze
=100  1\$aČapek, Karel $4aut$7jn19981002512
=240  10$aOriginál neexistuje$1italsky
=245  10$aHordubal ed altri 
=264  \1$aMilano :$bSilva,$c1961
=300  \\$a510
=506  \\
=700  1\$aMariano, Giuseppe$4trl
=910  \\$aABB060
=964  \\
=964  \\$aTRL
=998  \\$ahttp://id.sbn.it/bid/RAV0120554
=OWN  \\$aUCLA

