=LDR  00577    a2200229   4500
=001  it22000019
=003  CZ\PrUCL
=008  221218s1962----it------------------ita-d
=040  \\$aABB060$ccze$erda
=041  1\$aita $hcze
=100  1\$aČapek, Karel $4aut$7jn19981002512
=240  10$aOriginál neexistuje$1italsky
=245  10$aRacconti dall'una e dall'altra tasca
=264  \1$aMilano :$bBompiani,$c1962
=300  \\$a425
=506  \\
=700  1\$aMeriggi, Bruno $4trl
=910  \\$aABB060
=964  \\
=964  \\$aTRL
=998  \\$ahttp://id.sbn.it/bid/LIA0022888
=OWN  \\$aUCLA

