=LDR  00642    a2200229   4500
=001  it22000022
=003  CZ\PrUCL
=008  221218s1984----it------------------ita-d
=040  \\$aABB060$ccze$erda
=041  1\$aita $hcze
=100  1\$aČapek, Karel $4aut$7jn19981002512
=240  10$aTovárna na absolutno$1italsky
=245  10$aLa fabbrica dell'assoluto$cIntroduzione, traduzione e cura di Annelisa Alleva
=264  \1$aRoma :$bTheoriac $c1984
=264  \1$a Napoli :$bTheoria ,$c1984
=300  \\$a200
=700  1\$aAlleva, Annelisa$4trl
=910  \\$aABB060
=964  \\
=964  \\$aTRL
=998  \\$ahttp://id.sbn.it/bid/RAV0120549
=OWN  \\$aUCLA

