=LDR  00576    a2200229   4500
=001  it22000023
=003  CZ\PrUCL
=008  221218s1989----it------------------ita-d
=020  \\$a88-359-3277-7
=040  \\$aABB060$ccze$erda
=041  1\$aita $hcze
=100  1\$aČapek, Karel $4aut$7jn19981002512
=240  10$aKniha apokriyfu$1italsky
=245  10$aIl libro degli apocrifi
=264  \1$aRoma :$bEditori riuniti,$c1989
=300  \\$a143
=700  1\$aDe Nardis, Luisa$4trl
=910  \\$aABB060
=964  \\
=964  \\$aTRL
=998  \\$ahttp://id.sbn.it/bid/CFI0192098
=OWN  \\$aUCLA

