=LDR  00620    a2200241   4500
=001  it22000024
=003  CZ\PrUCL
=008  221218s1989----it------------------ita-d
=020  \\$a88-85120-03-2
=040  \\$aABB060$ccze$erda
=041  1\$aita $hcze
=100  1\$aČapek, Karel $4aut$7jn19981002512
=240  10$aPovídky z jedné kapsy$1italsky
=245  10$aRacconti da una tasca
=264  \1$aPiombino :$bAktis,$c1989
=300  \\$a169
=700  1\$aChiti Chitilova, Susanna $4trl
=700  1\$a Pucci, Nilo $4trl
=910  \\$aABB060
=964  \\
=964  \\$aTRL
=998  \\$ahttp://id.sbn.it/bid/RAV0089663
=OWN  \\$aUCLA

