=LDR  00530    a2200217   4500
=001  it22000025
=003  CZ\PrUCL
=008  221218s1992----it------------------ita-d
=040  \\$aABB060$ccze$erda
=041  1\$aita $hcze
=100  1\$aČapek, Karel $4aut$7jn19981002512
=240  10$aItalské listy$1italsky
=245  10$aFogli italiani
=264  \1$aPalermo :$bSellerio,$c1992
=300  \\$a123
=700  1\$aGaldo, Daniela$4trl
=910  \\$aABB060
=964  \\
=964  \\$aTRL
=998  \\$ahttp://id.sbn.it/bid/LO10249557
=OWN  \\$aUCLA

