=LDR  00651    a2200229   4500
=001  it22000026
=003  CZ\PrUCL
=008  221218s1992----it------------------ita-d
=020  \\$a88-7227-511-3
=040  \\$aABB060$ccze$erda
=041  1\$aita $hcze
=100  1\$aČapek, Karel $4aut$7jn19981002512
=240  10$aDášenka : čili život štěněte $1italsky
=245  10$aDášenka $b La vita di un cucciol / $cCon disegni e foto dell'Autore
=264  \1$aRoma :$bBiblioteca del Vascello ,$c1992
=300  \\$a91
=700  1\$aFazzi, Giancarlo$4trl
=910  \\$aABB060
=964  \\
=964  \\$aTRL
=998  \\$ahttp://id.sbn.it/bid/TO00301579
=OWN  \\$aUCLA

