=LDR  00591    a2200229   4500
=001  it22000027
=003  CZ\PrUCL
=008  221218s1995----it------------------ita-d
=020  \\$a88-424-0139-0
=040  \\$aABB060$ccze$erda
=041  1\$aita $hcze
=100  1\$aČapek, Karel $4aut$7jn19981002512
=240  10$aDevatero pohádek$1italsky
=245  10$aGrandi favole
=264  \1$aMiláno :$bEdizioni scolastiche Bruno Mondadori,$c1995
=300  \\$a192
=700  1\$aRivolta, Simona$4trl
=910  \\$aABB060
=964  \\
=964  \\$aTRL
=998  \\$ahttp://id.sbn.it/bid/RAV0270202
=OWN  \\$aUCLA

