=LDR  00636    a2200217   4500
=001  it22000028
=003  CZ\PrUCL
=008  221218s1995----it------------------ita-d
=040  \\$aABB060$ccze$erda
=041  1\$aita $hcze
=100  1\$aČapek, Karel $4aut$7jn19981002512
=240  10$aR.U.R.$1italsky
=245  10$aR.U.R. $b Rossums universal robots : da dove nacque la progenie del Cybor
=264  \1$aBologna :$bSynergon,$c1995
=300  \\$a127
=700  1\$aDe Simone, Vanni$4trl
=910  \\$aABB060
=964  \\
=964  \\$aTRL
=998  \\$ahttps://galileodiscovery.unipd.it/permalink/39UPD_INST/prmo4k/alma990010130410206046
=OWN  \\$aUCLA

