=LDR  00655    a2200229   4500
=001  it22000029
=003  CZ\PrUCL
=008  221218s1988----it------------------ita-d
=020  \\$a88-211-6211-7
=040  \\$aABB060$ccze$erda
=041  1\$aita $hcze
=100  1\$aČapek, Karel $4aut$7jn19981002512
=240  10$aŽivot a dílo skladatele Foltýna$1italsky
=245  10$aLa vita e l'opera del compositore Foltyn$cPostfazione di Giancarlo Fazzi e Danilo Manera
=264  \1$aGenova :$bMarietti,$c1988
=300  \\$a121
=700  1\$aFazzi, Giancarlo$4trl
=910  \\$aABB060
=964  \\
=964  \\$aTRL
=998  \\$ahttp://id.sbn.it/bid/TO00135158
=OWN  \\$aUCLA

