=LDR  00582    a2200229   4500
=001  it22000030
=003  CZ\PrUCL
=008  221218s2015----it------------------ita-d
=020  \\$a978-88-317-2094-6
=040  \\$aABB060$ccze$erda
=041  1\$aita $hcze
=100  1\$aČapek, Karel $4aut$7jn19981002512
=240  10$aR.U.R.$1italsky
=245  10$aR.U.R. $b Rossum's Universal Robot
=264  \1$aVenezia :$bMarsilio,$c2015
=300  \\$a169
=700  1\$aCatalano, Alessandro$4trl
=910  \\$aABB060
=964  \\
=964  \\$aTRL
=998  \\$ahttp://id.sbn.it/bid/RMS2820415
=OWN  \\$aUCLA

