=LDR  00567    a2200217   4500
=001  it22000031
=003  CZ\PrUCL
=008  221218s1975----it------------------ita-d
=040  \\$aABB060$ccze$erda
=041  1\$aita $hcze
=100  1\$aHašek, Jaroslav $4aut$7jk01040097
=240  10$aOriginál neexistuje$1italsky
=245  10$aŠvejk contro l'Italia $b racconti 1904-192
=264  \1$a Milano :$bGarzanti,$c1975
=300  \\$a454
=700  1\$a Corduas, Sergio$4trl
=910  \\$aABB060
=964  \\
=964  \\$aTRL
=998  \\$ahttp://id.sbn.it/bid/FER0006792
=OWN  \\$aUCLA

