=LDR  00615    a2200229   4500
=001  it22000035
=003  CZ\PrUCL
=008  221218s1988----it------------------ita-d
=020  \\$a88-7710-109-1
=040  \\$aABB060$ccze$erda
=041  1\$aita $hcze
=100  1\$aHašek, Jaroslav $4aut$7jk01040097
=240  10$aOriginál neexistuje$1italsky
=245  10$aLa casa felice e altri racconti$cPostfazione di Angelo Maria Ripellino
=264  \1$aMilano :$bSE,$c1988
=300  \\$a175
=700  1\$aRipellino, Ela$4trl
=910  \\$aABB060
=964  \\
=964  \\$aTRL
=998  \\$ahttp://id.sbn.it/bid/CFI0122786
=OWN  \\$aUCLA

