=LDR  00575    a2200217   4500
=001  it22000054
=003  CZ\PrUCL
=008  221218s1989----it------------------ita-d
=020  \\$a88-7033-335-3
=040  \\$aABB060$ccze$erda
=041  1\$aita $hcze
=240  10$aOriginál neexistuje$1italsky
=245  10$aLo sciopero dei malviventi e altri racconti$cPrefazione di Eduard Goldstucker
=264  \1$aRoma :$bLucarini,$c1989
=300  \\$a203
=700  1\$aMassimi, Dario$4trl
=910  \\$aABB060
=964  \\
=964  \\$aTRL
=998  \\$ahttp://id.sbn.it/bid/UBO0099036
=OWN  \\$aUCLA

