=LDR  00647    a2200229   4500
=001  it22000094
=003  CZ\PrUCL
=008  221218s2001----it------------------ita-d
=020  \\$a978-88-389-1741-7
=040  \\$aABB060$ccze$erda
=041  1\$aita $hcze
=100  1\$aHašek, Jaroslav $4aut$7jk01040097
=240  10$aVelitelem města Bugulmy$1italsky
=245  10$aCompagno Hašek, comandante della città di Bugul'mà $cIntroduzione di Beppe Benvenuto
=264  \1$aPalermo :$bSellerio,$c2001
=300  \\$a90
=700  1\$aCorduas, Sergio$4trl
=910  \\$aABB060
=964  \\
=964  \\$aTRL
=998  \\$ahttp://id.sbn.it/bid/MOD0613746
=OWN  \\$aUCLA

