=LDR  00564    a2200229   4500
=001  it22000095
=003  CZ\PrUCL
=008  221218s2006----it------------------ita-d
=020  \\$a88-04-56133-5
=040  \\$aABB060$ccze$erda
=041  1\$aita $hcze
=100  1\$aHašek, Jaroslav $4aut$7jk01040097
=240  10$aOriginál neexistuje$1italsky
=245  10$aRacconti 
=264  \1$aMilano :$bMondadori,$c2006
=300  \\$a464
=700  1\$a Corduas, Sergio $4trl
=910  \\$aABB060
=964  \\
=964  \\$aTRL
=998  \\$ahttp://id.sbn.it/bid/RAV1486056
=OWN  \\$aUCLA

