=LDR  00602    a2200229   4500
=001  it22000099
=003  CZ\PrUCL
=008  221218s2010----it------------------ita-d
=020  \\$a978-88-06-19621-9
=040  \\$aABB060$ccze$erda
=041  1\$aita $hcze
=100  1\$aHašek, Jaroslav $4aut$7jk01040097
=240  10$aOsudy dobrého vojáka Švejka$1italsky
=245  10$aLe vicende del bravo soldato Švejk
=264  \1$aTorino :$bEinaudi,$c2010
=300  \\$a1002
=700  1\$aDierna, Giuseppe$4trl
=910  \\$aABB060
=964  \\
=964  \\$aTRL
=998  \\$ahttp://id.sbn.it/bid/TO01782003
=OWN  \\$aUCLA

