=LDR  00951    a2200313   4500
=001  it22000100
=003  CZ\PrUCL
=008  221218s2014----it------------------ita-d
=020  \\$a978-88-04-64486-6
=040  \\$aABB060$ccze$erda
=041  1\$aita $hcze
=100  1\$aHašek, Jaroslav $4aut$7jk01040097
=240  10$aOriginál neexistuje$1italsky
=245  10$aOperete scelte$cProgetto e prefazione di Sergio Corduas. Saggio introduttivo di Jiří Pelán. 
=264  \1$aMilano :$bMondadori,$c2014
=300  \\$a1401
=700  1\$aBrignole, Francesco $4trl
=700  1\$a Catalano, Alessandro $4trl
=700  1\$a Corduas, Sergio $4trl
=700  1\$a Cosentino, Annalisa $4trl
=700  1\$a Kláda, Bartholomew Isaac $4trl
=700  1\$a Massimi, Dario $4trl
=700  1\$a Trevisan, Alessandra $4trl
=700  1\$a Zane, Barbara$4trl
=910  \\$aABB060
=964  \\
=964  \\$aTRL
=998  \\$ahttp://id.sbn.it/bid/VEA1148636
=OWN  \\$aUCLA

