=LDR  00703    a2200217   4500
=001  it22000127
=003  CZ\PrUCL
=008  221218s1977----it------------------ita-d
=040  \\$aABB060$ccze$erda
=041  1\$aita $hcze
=100  1\$aHavel, Václav $4aut$7jk01040240
=240  10$aOriginál neexistuje$1italsky
=245  10$aVáclav Havel $b Dissenso culturale e politico in Cecoslovacchia. Per una decifrazione teatrale del codice del potere / $cCon saggi di Giancarlo Romani Adami e Gianlorenzo Pacini
=264  \1$aVenezia :$bMarsilio,$c1977
=300  \\$a362
=700  1\$aPacini, Gianlorenzo$4trl
=910  \\$aABB060
=964  \\
=964  \\$aTRL
=998  \\$ahttp://id.sbn.it/bid/SBL0325151
=OWN  \\$aUCLA

