=LDR  00570    a2200217   4500
=001  it22000140
=003  CZ\PrUCL
=008  221218s1981----it------------------ita-d
=040  \\$aABB060$ccze$erda
=041  1\$aita $hcze
=100  1\$aHavel, Václav $4aut$7jk01040240
=240  10$aOriginál neexistuje$1italsky
=245  10$aDell'entropia in politica
=264  \1$aBologna :$bCentro studi Europa orientale,$c1981
=300  \\$a96
=700  1\$aPacini, Gianlorenzo$4trl
=910  \\$aABB060
=964  \\
=964  \\$aTRL
=998  \\$ahttp://id.sbn.it/bid/TO01577552
=OWN  \\$aUCLA

