=LDR  00538    a2200217   4500
=001  it22000145
=003  CZ\PrUCL
=008  221218s1985----it------------------ita-d
=040  \\$aABB060$ccze$erda
=041  1\$aita $hcze
=100  1\$aHavel, Václav $4aut$7jk01040240
=240  10$aoriginál neexistuje$1italsky
=245  10$aLargo desolato
=264  \1$aMilano :$bUbulibri,$c1985
=300  \\$a143
=700  1\$aPacini, Gianlorenzo$4trl
=910  \\$aABB060
=964  \\
=964  \\$aTRL
=998  \\$ahttp://id.sbn.it/bid/RLZ0245520
=OWN  \\$aUCLA

