=LDR  00525    a2200217   4500
=001  it22000150
=003  CZ\PrUCL
=008  221218s2010----it------------------ita-d
=040  \\$aABB060$ccze$erda
=041  1\$aita $hcze
=100  1\$aHavel, Václav $4aut$7jk01040240
=240  10$aOdcházení$1italsky
=245  10$aUscire di scena
=264  \1$aUdine :$bForum,$c2010
=300  \\$a80
=700  1\$aCosentino, Annalisa$4trl
=910  \\$aABB060
=964  \\
=964  \\$aTRL
=998  \\$ahttp://id.sbn.it/bid/VEA1038357
=OWN  \\$aUCLA

