=LDR  00607    a2200229   4500
=001  it22000151
=003  CZ\PrUCL
=008  221218s2013----it------------------ita-d
=020  \\$a978-88-526-0332-7
=040  \\$aABB060$ccze$erda
=041  1\$aita $hcze
=100  1\$aHavel, Václav $4aut$7jk01040240
=240  10$aMoc bezmocných$1italsky
=245  10$aIl potere dei senza potere$cPrefazione di Marta Cartabia
=264  \1$aMilano :$bItaca,$c2013
=300  \\$a199
=700  1\$aTartagni, Antonietta$4trl
=910  \\$aABB060
=964  \\
=964  \\$aTRL
=998  \\$ahttp://id.sbn.it/bid/PBE0043464
=OWN  \\$aUCLA

