=LDR  00688    a2200229   4500
=001  it22000152
=003  CZ\PrUCL
=008  221218s2007----it------------------ita-d
=020  \\$a978-88-86496-82-7
=040  \\$aABB060$ccze$erda
=041  1\$aita $hcze
=100  1\$aHavel, Václav $4aut$7jk01040240
=240  10$aProsím, stručně$1italsky
=245  10$aUn uomo al Castello $b Intervista con Karel Hvížďala. Fogli di diario e appunt / $cNote e postfazione di Angelo Bonaguro
=264  \1$aTreviso :$bSanti Quaranta,$c2007
=300  \\$a366
=700  1\$aZlatohlávková, Ines$4trl
=910  \\$aABB060
=964  \\
=964  \\$aTRL
=998  \\$ahttp://id.sbn.it/bid/TSA1015412
=OWN  \\$aUCLA

