=LDR  00670    a2200229   4500
=001  it22000153
=003  CZ\PrUCL
=008  221218s1968----it------------------ita-d
=020  \\$a88-06-59370-6
=040  \\$aABB060$ccze$erda
=041  1\$aita $hcze
=100  1\$aHrabal, Bohumil $4aut$7jk01042564
=240  10$aInzerát na dům, ve kterém už nechci bydlet$1italsky
=245  10$aInserzione per una casa in cui non vohlio più abitare$cIntroduzione di Angelo Maria Ripellino
=264  \1$a Torino :$bEinaudi,$c1968
=300  \\$a147
=700  1\$aRipellino, Ela$4trl
=910  \\$aABB060
=964  \\
=964  \\$aTRL
=998  \\$ahttp://id.sbn.it/bid/CFI0056717
=OWN  \\$aUCLA

