=LDR  00588    a2200217   4500
=001  it22000154
=003  CZ\PrUCL
=008  221218s1982----it------------------ita-d
=020  \\$a88-7641-002-1
=040  \\$aABB060$ccze$erda
=041  1\$aita $hcze
=100  1\$aHrabal, Bohumil $4aut$7jk01042564
=240  10$aOstře sledované vlaky$1italsky
=245  10$aTreni strettamente sorvegliati$cIllustrazioni di Aleš Jiránek
=264  \1$aRoma :$bE,$c1982
=700  1\$aCorduas, Sergio$4trl
=910  \\$aABB060
=964  \\
=964  \\$aTRL
=998  \\$ahttp://id.sbn.it/bid/VIA0450611
=OWN  \\$aUCLA

