=LDR  00587    a2200229   4500
=001  it22000155
=003  CZ\PrUCL
=008  221218s1986----it------------------ita-d
=020  \\$a88-7641-035-X
=040  \\$aABB060$ccze$erda
=041  1\$aita $hcze
=100  1\$aHrabal, Bohumil $4aut$7jk01042564
=240  10$aObsluhoval jsem anglického krále$1italsky
=245  10$aHo servito il re d'Inghilterra
=264  \1$aRoma :$bE,$c1986
=300  \\$a237
=700  1\$aDierna, Giuseppe$4trl
=910  \\$aABB060
=964  \\
=964  \\$aTRL
=998  \\$ahttp://id.sbn.it/bid/CFI0017598
=OWN  \\$aUCLA

