=LDR  00574    a2200229   4500
=001  it22000156
=003  CZ\PrUCL
=008  221218s1987----it------------------ita-d
=020  \\$a 88-06-59543-1
=040  \\$aABB060$ccze$erda
=041  1\$aita $hcze
=100  1\$aHrabal, Bohumil $4aut$7jk01042564
=240  10$aKluby poezie$1italsky
=245  10$aUna solitudine troppo rumorosa
=264  \1$a Torino :$bEinaudi,$c1987
=300  \\$a118
=700  1\$aCorduas, Sergio$4trl
=910  \\$aABB060
=964  \\
=964  \\$aTRL
=998  \\$ahttp://id.sbn.it/bid/CFI0073180
=OWN  \\$aUCLA

