=LDR  00575    a2200229   4500
=001  it22000157
=003  CZ\PrUCL
=008  221218s1987----it------------------ita-d
=020  \\$a 88-7641-054-6
=040  \\$aABB060$ccze$erda
=041  1\$aita $hcze
=100  1\$aHrabal, Bohumil $4aut$7jk01042564
=240  10$aPostřižiny$1italsky
=245  10$aLa tonsura$cCollages di Giuseppe Dierna
=264  \1$aRoma :$bE,$c1987
=300  \\$a154
=700  1\$aDierna, Giuseppe$4trl
=910  \\$aABB060
=964  \\
=964  \\$aTRL
=998  \\$ahttp://id.sbn.it/bid/CFI0107005
=OWN  \\$aUCLA

