=LDR  00573    a2200229   4500
=001  it22000158
=003  CZ\PrUCL
=008  221218s1991----it------------------ita-d
=020  \\$a88-7641-101-1
=040  \\$aABB060$ccze$erda
=041  1\$aita $hcze
=100  1\$aHrabal, Bohumil $4aut$7jk01042564
=240  10$aListopadový uragán$1italsky
=245  10$aL'uragano di novembre
=264  \1$aRoma :$bE,$c1991
=300  \\$a219
=700  1\$aKláda, Bartholomew Isaac$4trl
=910  \\$aABB060
=964  \\
=964  \\$aTRL
=998  \\$ahttp://id.sbn.it/bid/CFI0200074
=OWN  \\$aUCLA

