=LDR  00617    a2200229   4500
=001  it22000159
=003  CZ\PrUCL
=008  221218s1992----it------------------ita-d
=020  \\$a88-06-12642-3
=040  \\$aABB060$ccze$erda
=041  1\$aita $hcze
=100  1\$aHrabal, Bohumil $4aut$7jk01042564
=240  10$aSvatby v domě$1italsky
=245  10$aLe nozze in casa $b romanzetto femminil / $cA cura di Sergio Corduas
=264  \1$aTorino :$bEinaudi,$c1992
=300  \\$a227
=700  1\$aTrevisan, Alessandra$4trl
=910  \\$aABB060
=964  \\
=964  \\$aTRL
=998  \\$ahttp://id.sbn.it/bid/VEA1323947
=OWN  \\$aUCLA

