=LDR  00633    a2200229   4500
=001  it22000160
=003  CZ\PrUCL
=008  221218s1992----it------------------ita-d
=020  \\$a88-7641-142-9
=040  \\$aABB060$ccze$erda
=041  1\$aita $hcze
=100  1\$aHrabal, Bohumil $4aut$7jk01042564
=240  10$aMěstečko, kde se zastavil čas$1italsky
=245  10$aLa cittadina dove il tempo si è fermato$cPostfazione di Annalisa Cosentino
=264  \1$aRoma :$bE,$c1992
=300  \\$a156
=700  1\$aCosentino, Annalisa$4trl
=910  \\$aABB060
=964  \\
=964  \\$aTRL
=998  \\$ahttp://id.sbn.it/bid/LO10100986
=OWN  \\$aUCLA

