=LDR  00558    a2200229   4500
=001  it22000161
=003  CZ\PrUCL
=008  221218s1994----it------------------ita-d
=020  \\$a88-7641-209-3
=040  \\$aABB060$ccze$erda
=041  1\$aita $hcze
=100  1\$aHrabal, Bohumil $4aut$7jk01042564
=240  10$aNěžný barbar$1italsky
=245  10$aUn tenero barbaro
=264  \1$aRoma :$bE,$c1994
=300  \\$a130
=700  1\$aCosentino, Annalisa$4trl
=910  \\$aABB060
=964  \\
=964  \\$aTRL
=998  \\$ahttp://id.sbn.it/bid/RAV0234972
=OWN  \\$aUCLA

