=LDR  00551    a2200229   4500
=001  it22000162
=003  CZ\PrUCL
=008  221218s1995----it------------------ita-d
=020  \\$a 88-7641-261-1
=040  \\$aABB060$ccze$erda
=041  1\$aita $hcze
=100  1\$aHrabal, Bohumil $4aut$7jk01042564
=240  10$aPonorné říčky$1italsky
=245  10$aPaure totali
=264  \1$aRoma :$bE,$c1995
=300  \\$a124
=700  1\$aMassimi, Dario$4trl
=910  \\$aABB060
=964  \\
=964  \\$aTRL
=998  \\$ahttp://id.sbn.it/bid/RAV0262398
=OWN  \\$aUCLA

