=LDR  00684    a2200229   4500
=001  it22000163
=003  CZ\PrUCL
=008  221218s1995----it------------------ita-d
=040  \\$aABB060$ccze$erda
=041  1\$aita $hcze
=100  1\$aHrabal, Bohumil $4aut$7jk01042564
=240  10$aKličky na kapesníku$1italsky
=245  10$aDribbling stretti ovvero Nodi al fazzoletto $b Romanzo-Intervist / $cDomande e risposte annotate da Laszlo Szigeti
=264  \1$aMilano :$bSapeins,$c1995
=300  \\$a174
=700  1\$aRipellino, Ela-Hlochová $4trl
=700  1\$a Dierna, Giuseppe$4trl
=910  \\$aABB060
=964  \\
=964  \\$aTRL
=998  \\$ahttp://id.sbn.it/bid/FER0163339
=OWN  \\$aUCLA

