=LDR  00585    a2200217   4500
=001  it22000164
=003  CZ\PrUCL
=008  221218s2018----it------------------ita-d
=040  \\$aABB060$ccze$erda
=041  1\$aita $hcze
=100  1\$aHrabal, Bohumil $4aut$7jk01042564
=240  10$aTaneční hodiny pro starší a pokročilé$1italsky
=245  10$aLezioni di ballo per anziani e progrediti
=264  \1$aTorino :$bEinaudi,$c2018
=300  \\$a107
=700  1\$aDierna, Giuseppe$4trl
=910  \\$aABB060
=964  \\
=964  \\$aTRL
=998  \\$ahttp://id.sbn.it/bid/PUV1490637
=OWN  \\$aUCLA

