=LDR  00782    a2200265   4500
=001  it22000165
=003  CZ\PrUCL
=008  221218s1997----it------------------ita-d
=040  \\$aABB060$ccze$erda
=041  1\$aita $hcze
=100  1\$aHrabal, Bohumil $4aut$7jk01042564
=240  10$aOriginál neexistuje$1italsky
=245  10$aSpaccone dell'infinito$cTutte le foto riprodotte all'interno sono di Pavel Štoll
=264  \1$aVenezia :$bHestia,$c1997
=300  \\$a42
=700  1\$aCosentino, Annalisa $4trl
=700  1\$a Brignole, Francesco $4trl
=700  1\$a Schnöblingová, Zuzana  $4trl
=700  1\$a Mastero, Alexandra Vlada $4trl
=700  1\$a Corduas, Sergio$4trl
=910  \\$aABB060
=964  \\
=964  \\$aTRL
=998  \\$ahttp://id.sbn.it/bid/RMS0052420
=OWN  \\$aUCLA

