=LDR  00585    a2200229   4500
=001  it22000171
=003  CZ\PrUCL
=008  221218s1998----it------------------ita-d
=020  \\$a88-7641-367-7
=040  \\$aABB060$ccze$erda
=041  1\$aita $hcze
=100  1\$aHrabal, Bohumil $4aut$7jk01042564
=240  10$aMorytáty a legendy$1italsky
=245  10$aSanguinose ballate e miracolose leggende
=264  \1$aRoma :$bE,$c1998
=300  \\$a217
=700  1\$aCosentino, Annalisa$4trl
=910  \\$aABB060
=964  \\
=964  \\$aTRL
=998  \\$ahttp://id.sbn.it/bid/VIA0071814
=OWN  \\$aUCLA

