=LDR  00586    a2200229   4500
=001  it22000172
=003  CZ\PrUCL
=008  221218s2010----it------------------ita-d
=020  \\$a978-88-06-19353-9
=040  \\$aABB060$ccze$erda
=041  1\$aita $hcze
=100  1\$aHrabal, Bohumil $4aut$7jk01042564
=240  10$aProluky$1italsky
=245  10$aSpazi vuoti $b ottobre-novembre-dicembre 198
=264  \1$aTorino :$bEinaudi,$c2010
=300  \\$a226
=700  1\$aDierna, Giuseppe$4trl
=910  \\$aABB060
=964  \\
=964  \\$aTRL
=998  \\$ahttp://id.sbn.it/bid/RT10003778
=OWN  \\$aUCLA

