=LDR  00527    a2200217   4500
=001  it22000173
=003  CZ\PrUCL
=008  221218s1969----it------------------ita-d
=040  \\$aABB060$ccze$erda
=041  1\$aita $hcze
=100  1\$aKundera, Milan$4aut$7
=240  10$aŽert$1italsky
=245  10$aLo scherzo$cPrefazione di Louis Aragon
=264  \1$aMilano :$bA,$c1969
=300  \\$a345
=700  1\$aBongiorno, Arrigo$4trl
=910  \\$aABB060
=964  \\
=964  \\$aTRL
=998  \\$ahttp://id.sbn.it/bid/AQ10108961
=OWN  \\$aUCLA

