=LDR  00519    a2200217   4500
=001  it22000174
=003  CZ\PrUCL
=008  221218s1988----it------------------ita-d
=040  \\$aABB060$ccze$erda
=041  1\$aita $hcze
=100  1\$aKundera, Milan$4aut$7
=240  10$aSměšné lásky$1italsky
=245  10$aAmori ridicoli
=264  \1$aMilano :$bAdelphi,$c1988
=300  \\$a250
=700  1\$aBarbato, Antonio$4trl
=910  \\$aABB060
=964  \\
=964  \\$aTRL
=998  \\$ahttp://id.sbn.it/bid/MOD0037225
=OWN  \\$aUCLA

