=LDR  00525    a2200217   4500
=001  it22000182
=003  CZ\PrUCL
=008  221218s1976----it------------------ita-d
=040  \\$aABB060$ccze$erda
=041  1\$aita $hcze
=100  1\$aKundera, Milan $4aut$7jk01070894
=240  10$aŽivot je jinde$1italsky
=245  10$aLa vita è altrove
=264  \1$aMilano :$bA,$c1976
=300  \\$a281
=700  1\$aVitale, Serena$4trl
=910  \\$aABB060
=964  \\
=964  \\$aTRL
=998  \\$ahttp://id.sbn.it/bid/PUV0229819
=OWN  \\$aUCLA

