=LDR  00543    a2200217   4500
=001  it22000183
=003  CZ\PrUCL
=008  221218s1989----it------------------ita-d
=040  \\$aABB060$ccze$erda
=041  1\$aita $hcze
=100  1\$aKundera, Milan $4aut$7jk01070894
=240  10$aValčík na rozloučenou$1italsky
=245  10$aIl valzer degli addii
=264  \1$aMilano :$bAdelphi,$c1989
=300  \\$a246
=700  1\$aVitale, Serena$4trl
=910  \\$aABB060
=964  \\
=964  \\$aTRL
=998  \\$ahttp://id.sbn.it/bid/PUV0836359
=OWN  \\$aUCLA

