=LDR  00558    a2200217   4500
=001  it22000184
=003  CZ\PrUCL
=008  221218s1985----it------------------ita-d
=040  \\$aABB060$ccze$erda
=041  1\$aita $hcze
=100  1\$aKundera, Milan $4aut$7jk01070894
=240  10$aKniha smíchu a zapomnění$1italsky
=245  10$aIl libro del riso e dell'oblio
=264  \1$aMilano :$bBompiani,$c1985
=300  \\$a243
=700  1\$aVitale, Serena$4trl
=910  \\$aABB060
=964  \\
=964  \\$aTRL
=998  \\$ahttp://id.sbn.it/bid/RLZ0273663
=OWN  \\$aUCLA

