=LDR  00565    a2200217   4500
=001  it22000192
=003  CZ\PrUCL
=008  221218s1985----it------------------ita-d
=040  \\$aABB060$ccze$erda
=041  1\$aita $hcze
=100  1\$aKundera, Milan $4aut$7jk01070894
=240  10$aNesnesitelná lehkost bytí$1italsky
=245  10$aL'insostenibile leggerezza dell'essere
=264  \1$aMilano :$bAdelphi,$c1985
=300  \\$a318
=700  1\$aBarbato, Antonio$4trl
=910  \\$aABB060
=964  \\
=964  \\$aTRL
=998  \\$ahttp://id.sbn.it/bid/IEI0619748
=OWN  \\$aUCLA

