=LDR  00522    a2200217   4500
=001  it22000193
=003  CZ\PrUCL
=008  221218s1990----it------------------ita-d
=040  \\$aABB060$ccze$erda
=041  1\$aita $hcze
=100  1\$aKundera, Milan $4aut$7jk01070894
=240  10$aNesmrtelnost$1italsky
=245  10$aL'immortalità
=264  \1$aMilano :$bCDE,$c1990
=300  \\$a296
=700  1\$aMura, Alessandra$4trl
=910  \\$aABB060
=964  \\
=964  \\$aTRL
=998  \\$ahttp://id.sbn.it/bid/CFI0246857
=OWN  \\$aUCLA

