=LDR  00650    a2200229   4500
=001  it22000194
=003  CZ\PrUCL
=008  221218s1993----it------------------ita-d
=020  \\$a88-459-0956-5
=040  \\$aABB060$ccze$erda
=041  1\$aita $hcze
=100  1\$aKundera, Milan $4aut$7jk01070894
=240  10$aJakub a jeho pán : pocta Diderotovi ve třech dějstvích$1italsky
=245  10$aJacques e il suo padrone $b omaggio a Denis Diderot in tre att
=264  \1$aMilano :$bAdelphi,$c1993
=300  \\$a112
=700  1\$aMura, Alessandra$4trl
=910  \\$aABB060
=964  \\
=964  \\$aTRL
=998  \\$ahttp://id.sbn.it/bid/LO10320714
=OWN  \\$aUCLA

