=LDR  00575    a2200229   4500
=001  it22000195
=003  CZ\PrUCL
=008  221218s2002----it------------------ita-d
=020  \\$a88-06-13914-2
=040  \\$aABB060$ccze$erda
=041  1\$aita $hcze
=100  1\$aNezval, Vítězslav $4aut$7jk01090162
=240  10$aŽena v množném čísle $1italsky
=245  10$aLa donna al plurale 
=264  \1$aTorino :$bG,$c2002
=300  \\$a215
=700  1\$aDierna, Giuseppe$4trl
=910  \\$aABB060
=964  \\
=964  \\$aTRL
=998  \\$ahttp://id.sbn.it/bid/VIA0094962
=OWN  \\$aUCLA

