=LDR  00639    a2200229   4500
=001  it22000234
=003  CZ\PrUCL
=008  221218s2007----it------------------ita-d
=020  \\$a 978-88-902274-2-4
=040  \\$aABB060$ccze$erda
=041  1\$aita $hcze
=100  1\$aČapek, Josef $4aut$7jk01021020
=240  10$a Stín kapradiny$1italsky
=245  10$aL' ombra della felce
=264  \1$a Porto Valtravaglia :$bPoldi Libri,$c2007
=300  \\$a142
=700  1\$aSormani, Davide$4trl
=910  \\$aABB060
=964  \\
=964  \\$aTRL
=998  \\$ahttps://galileodiscovery.unipd.it/permalink/39UPD_INST/prmo4k/alma990015529100206046
=OWN  \\$aUCLA

