=LDR  00601    a2200169   4500
=001  it22000235
=003  CZ\PrUCL
=008  221218s--------xx------------------ita-d
=040  \\$aABB060$ccze$erda
=041  1\$aita $hcze
=100  1\$aČapek, Josef $4aut$7jk01021020
=240  10$aPovídání o pejskovi a kočičce : jak spolu hospodařili a ještě o všelijakých jiných věcech$1italsky
=245  10$aI racconti sul cagnolino e la gattina $b su come vivevano insieme e su molte altre cose ancor / $cscritti e illustrati per i bambini da Josef Čapek
=910  \\$aABB060
=964  \\
=964  \\$aTRL
=OWN  \\$aUCLA

