=LDR  00600    a2200229   4500
=001  it22000246
=003  CZ\PrUCL
=008  221218s2019----it------------------ita-d
=020  \\$a978-88-338-6027-5
=040  \\$aABB060$ccze$erda
=041  1\$aita $hcze
=100  1\$aČapek, Josef $4aut$7jk01021020
=240  10$aBásně z koncentračního tábora$1italsky
=245  10$aPoesie dal campo di concentramento
=264  \1$aTorino :$bMiraggi,$c2019
=300  \\$a169
=700  1\$aFortunato, Lara$4trl
=910  \\$aABB060
=964  \\
=964  \\$aTRL
=998  \\$ahttp://id.sbn.it/bid/PUV1514020
=OWN  \\$aUCLA

