=LDR  00538    a2200217   4500
=001  it22000283
=003  CZ\PrUCL
=008  221218s1926----it------------------ita-d
=040  \\$aABB060$ccze$erda
=041  1\$aita $hcze
=100  1\$aČapek, Karel $4aut$7jn19981002512
=240  10$aVěc Makropulos$1italsky
=245  10$aL'affare Makropulos
=264  \1$aMilano :$bAlpes ,$c1926
=300  \\$a109
=700  1\$aZulberti, Taulero$4trl
=910  \\$aABB060
=964  \\
=964  \\$aTRL
=998  \\$ahttp://id.sbn.it/bid/TO00140058
=OWN  \\$aUCLA

