=LDR  00591    a2200229   4500
=001  it22000285
=003  CZ\PrUCL
=008  221218s2013----xr------------------ita-d
=020  \\$a9788024622507
=040  \\$aABB060$ccze$erda
=041  1\$aita $hcze
=100  1\$aVančura, Vladislav $4aut$7jk01141424
=240  10$aRozmarné léto$1italsky
=245  10$aUn'estate capricciosa $b romanzo umoristic
=264  \1$aPraha :$bKarolinum,$c2013
=300  \\$a198
=700  1\$aMassimi, Dario$4trl
=910  \\$aABB060
=964  \\
=964  \\$aTRL
=998  \\$ahttp://id.sbn.it/bid/VEA1140261
=OWN  \\$aUCLA

