=LDR  00602    a2200229   4500
=001  it22000286
=003  CZ\PrUCL
=008  221218s2016----it------------------ita-d
=020  \\$a978-88-94034-61-5
=040  \\$aABB060$ccze$erda
=041  1\$aita $hcze
=100  1\$aVančura, Vladislav $4aut$7jk01141424
=240  10$aPole orná a válečná$1italsky
=245  10$aCampi di grano e campi di battaglia
=264  \1$aGranze :$bPoldi libri,$c2016
=300  \\$a191
=700  1\$aMarasco, Tiziano $4trl
=910  \\$aABB060
=964  \\
=964  \\$aTRL
=998  \\$ahttp://id.sbn.it/bid/PUV1465227
=OWN  \\$aUCLA

