=LDR  00595    a2200229   4500
=001  it22000287
=003  CZ\PrUCL
=008  221218s1999----it------------------ita-d
=020  \\$a88-04-46046-6
=040  \\$aABB060$ccze$erda
=041  1\$aita $hcze
=100  1\$aViewegh, Michal $4aut$7jn19990010021
=240  10$aVýchova dívek v Čechách$1italsky
=245  10$aL'educazione delle ragazze in Boemia
=264  \1$aMilano :$bA,$c1999
=300  \\$a215
=700  1\$aCatalano, Alessandro$4trl
=910  \\$aABB060
=964  \\
=964  \\$aTRL
=998  \\$ahttp://id.sbn.it/bid/TO00775160
=OWN  \\$aUCLA

