=LDR  00636    a2200229   4500
=001  it22000288
=003  CZ\PrUCL
=008  221218s2001----it------------------ita-d
=020  \\$a88-04-46047-4
=040  \\$aABB060$ccze$erda
=041  1\$aita $hcze
=100  1\$aViewegh, Michal $4aut$7jn19990010021
=240  10$a Báječná léta pod psa$1italsky
=245  10$aQuei favolosi anni da cane
=264  \1$aMilano :$bA,$c2001
=300  \\$a236
=700  1\$aCatalano, Alessandro$4trl
=910  \\$aABB060
=964  \\
=964  \\$aTRL
=998  \\$ahttps://galileodiscovery.unipd.it/permalink/39UPD_INST/prmo4k/alma990002477440206046
=OWN  \\$aUCLA

