=LDR  00596    a2200229   4500
=001  it22000289
=003  CZ\PrUCL
=008  221218s2005----it------------------ita-d
=020  \\$a88-461-0072-7
=040  \\$aABB060$ccze$erda
=041  1\$aita $hcze
=100  1\$aViewegh, Michal $4aut$7jn19990010021
=240  10$aPřípad nevěrné Kláry$1italsky
=245  10$aIl caso dell'infedele Klára
=264  \1$aTorino :$bInstar libri,$c2005
=300  \\$a183
=700  1\$aCatalano, Alessandro$4trl
=910  \\$aABB060
=964  \\
=964  \\$aTRL
=998  \\$ahttp://id.sbn.it/bid/UBO2815365
=OWN  \\$aUCLA

