=LDR  00568    a2200229   4500
=001  it22000290
=003  CZ\PrUCL
=008  221218s2011----it------------------ita-d
=020  \\$a978-88-6564-017-3
=040  \\$aABB060$ccze$erda
=041  1\$aita $hcze
=100  1\$aViewegh, Michal $4aut$7jn19990010021
=240  10$aBiomanželka$1italsky
=245  10$aLa bio-moglie
=264  \1$aRoma :$bAtmosphere,$c2011
=300  \\$a174
=700  1\$aCatalano, Alessandro$4trl
=910  \\$aABB060
=964  \\
=964  \\$aTRL
=998  \\$ahttp://id.sbn.it/bid/UBO3904198
=OWN  \\$aUCLA

