=LDR  00564    a2200229   4500
=001  it22000291
=003  CZ\PrUCL
=008  221218s2012----it------------------ita-d
=020  \\$a978-88-6564-038-8
=040  \\$aABB060$ccze$erda
=041  1\$aita $hcze
=100  1\$aViewegh, Michal $4aut$7jn19990010021
=240  10$aVybíjená$1italsky
=245  10$aFuori gioco
=264  \1$aRoma :$bAtmosphere,$c2012
=300  \\$a189
=700  1\$aCatalano, Alessandro$4trl
=910  \\$aABB060
=964  \\
=964  \\$aTRL
=998  \\$ahttp://id.sbn.it/bid/UBO3973060
=OWN  \\$aUCLA

