=LDR  00564    a2200229   4500
=001  it22000293
=003  CZ\PrUCL
=008  221218s1985----it------------------ita-d
=020  \\$a88-7641-026-0
=040  \\$aABB060$ccze$erda
=041  1\$aita $hcze
=100  1\$aSeifert, Jaroslav $4aut$7jk01110657
=240  10$aMorový sloup$1italsky
=245  10$aLa colonna della peste
=264  \1$aRoma :$bE,$c1985
=300  \\$a121
=700  1\$aWildová Tosi, Alena$4trl
=910  \\$aABB060
=964  \\
=964  \\$aTRL
=998  \\$ahttp://id.sbn.it/bid/RAV0120500
=OWN  \\$aUCLA

