=LDR  00719    a2200241   4500
=001  it22000300
=003  CZ\PrUCL
=008  221218s1985----it------------------ita-d
=040  \\$aABB060$ccze$erda
=041  1\$aita $hcze
=100  1\$aSeifert, Jaroslav $4aut$7jk01110657
=240  10$aOriginál neexistuje$1italsky
=245  10$aL' ombrello di Piccadilly e Essere poeta$cintroduzione di Alena Wildová Tosi ; illustrazioni di Aleš Jiránek
=264  \1$aRoma :$bE,$c1985
=300  \\$a154
=700  1\$aHlochová Ripellimo, Ela $4trl
=700  1\$a Leskovjan, Marie $4trl
=700  1\$a della Seta, Fiammetta$4trl
=910  \\$aABB060
=964  \\
=964  \\$aTRL
=998  \\$ahttp://id.sbn.it/bid/VIA0009425
=OWN  \\$aUCLA

