=LDR  00586    a2200229   4500
=001  it22000303
=003  CZ\PrUCL
=008  221218s1985----it------------------ita-d
=020  \\$a88-359-2907-5
=040  \\$aABB060$ccze$erda
=041  1\$aita $hcze
=100  1\$aSeifert, Jaroslav $4aut$7jk01110657
=240  10$aVšecky krásy světa$1italsky
=245  10$aTutte le bellezze del mondo 
=264  \1$aRoma :$bEditori riuniti,$c1985
=300  \\$a324
=700  1\$aMassimi, Dario$4trl
=910  \\$aABB060
=964  \\
=964  \\$aTRL
=998  \\$ahttp://id.sbn.it/bid/CFI0105068
=OWN  \\$aUCLA

