=LDR  00518    a2200217   4500
=001  it22000308
=003  CZ\PrUCL
=008  221218s1971----it------------------ita-d
=040  \\$aABB060$ccze$erda
=041  1\$aita $hcze
=100  1\$aŠkvorecký, Josef $4aut$7jk01130413
=240  10$aLvíče$1italsky
=245  10$aLeoncino
=264  \1$aMilano :$bGarzanti,$c1971
=300  \\$a337
=700  1\$aMeriggi, Bruno$4trl
=910  \\$aABB060
=964  \\
=964  \\$aTRL
=998  \\$ahttp://id.sbn.it/bid/PUV0228836
=OWN  \\$aUCLA

