=LDR  00528    a2200217   4500
=001  it22000309
=003  CZ\PrUCL
=008  221218s1986----it------------------ita-d
=040  \\$aABB060$ccze$erda
=041  1\$aita $hcze
=100  1\$aŠkvorecký, Josef $4aut$7jk01130413
=240  10$aOriginál neznámý$1italsky
=245  10$aIl sax basso
=264  \1$aTorino :$bG,$c1986
=300  \\$a213
=700  1\$aCorduas, Sergio$4trl
=910  \\$aABB060
=964  \\
=964  \\$aTRL
=998  \\$ahttp://id.sbn.it/bid/CFI0068493
=OWN  \\$aUCLA

