=LDR  00588    a2200229   4500
=001  it22000313
=003  CZ\PrUCL
=008  221218s2001----it------------------ita-d
=020  \\$a88-87517-15-0
=040  \\$aABB060$ccze$erda
=041  1\$aita $hcze
=100  1\$aŠkvorecký, Josef $4aut$7jk01130413
=240  10$aMirákl$1italsky
=245  10$aIl miracolo $b Racconto giallo su sfondo politic
=264  \1$aRoma :$bFandango,$c2001
=300  \\$a598
=700  1\$aDierna, Giuseppe$4trl
=910  \\$aABB060
=964  \\
=964  \\$aTRL
=998  \\$ahttp://id.sbn.it/bid/TO00969008
=OWN  \\$aUCLA

