=LDR  00855    a2200229   4500
=001  it22000314
=003  CZ\PrUCL
=008  221218s2010----it------------------ita-d
=020  \\$a978-88-6044-120-1
=040  \\$aABB060$ccze$erda
=041  1\$aita $hcze
=100  1\$aŠkvorecký, Josef $4aut$7jk01130413
=240  10$aPříběh inženýra lidských duší : Entrtejnment na stará témata o životě, ženách, osudu, snění, dělnické třídě, fízlech, lásce a smrti.$1italsky
=245  10$aIl racconto dell'ingegnere delle anime umane $b Entertainment su vecchi temi: la vita, le donne, il destino, i sogni, la classe operaia, le spie, l'amore e la mort
=264  \1$aRoma :$bFandango,$c2010
=300  \\$a965
=700  1\$aDierna, Giuseppe$4trl
=910  \\$aABB060
=964  \\
=964  \\$aTRL
=998  \\$ahttp://id.sbn.it/bid/LO11325472
=OWN  \\$aUCLA

