=LDR  00579    a2200229   4500
=001  it22000315
=003  CZ\PrUCL
=008  221218s1986----it------------------ita-d
=020  \\$a88-06-59527-X
=040  \\$aABB060$ccze$erda
=041  1\$aita $hcze
=100  1\$aSeifert, Jaroslav $4aut$7jk01110657
=240  10$aOriginál neznámý$1italsky
=245  10$aVestita di luce $b Poesie 1925-196
=264  \1$aTorino :$bG,$c1986
=300  \\$a213
=700  1\$aCorduas, Sergio$4trl
=910  \\$aABB060
=964  \\
=964  \\$aTRL
=998  \\$ahttp://id.sbn.it/bid/CFI0068493
=OWN  \\$aUCLA

