=LDR  00573    a2200229   4500
=001  it22000357
=003  CZ\PrUCL
=008  221218s2006----it------------------ita-d
=020  \\$a88-8483-477-5
=040  \\$aABB060$ccze$erda
=041  1\$aita $hcze
=100  1\$aŠiktanc, Karel $4aut$7jk01122896
=240  10$aJak se trhá srdce$1italsky
=245  10$aCome si strappa il cuore
=264  \1$aMilano :$bMimesis,$c2006
=300  \\$a159
=700  1\$aParente, Antonio$4trl
=910  \\$aABB060
=964  \\
=964  \\$aTRL
=998  \\$ahttp://id.sbn.it/bid/CFI0699631
=OWN  \\$aUCLA

