=LDR  00539    a2200229   4500
=001  it22000361
=003  CZ\PrUCL
=008  221218s1984----it------------------ita-d
=020  \\$a88-7641-013-9
=040  \\$aABB060$ccze$erda
=041  1\$aita $hcze
=100  1\$aŘezníček, Pavel $4aut$7jk01110127
=240  10$aStrop$1italsky
=245  10$aIl sofio
=264  \1$aRoma :$bE,$c1984
=300  \\$a174
=700  1\$aDierna, Giuseppe$4trl
=910  \\$aABB060
=964  \\
=964  \\$aTRL
=998  \\$ahttp://id.sbn.it/bid/CFI0065140
=OWN  \\$aUCLA

