=LDR  00707    a2200229   4500
=001  it22000362
=003  CZ\PrUCL
=008  221218s2007----it------------------ita-d
=020  \\$a88-89615-11-7
=040  \\$aABB060$ccze$erda
=041  1\$aita $hcze
=100  1\$aŠebek, Karel $4aut$7	jk01122590
=240  10$aDívej se do tmy, je tak barevná$1italsky
=245  10$aGuarda nel buio, come variopinto$cPrefazione di Pavel Řezníček, con una testimonianza di Eva Válková, postfazione di Jan Nejedlý
=264  \1$aRovigo :$bIl ponte del sale,$c2007
=300  \\$a183
=700  1\$aParente, Antonio$4trl
=910  \\$aABB060
=964  \\
=964  \\$aTRL
=998  \\$ahttp://id.sbn.it/bid/LO11175629
=OWN  \\$aUCLA

