=LDR  00546    a2200229   4500
=001  it22000363
=003  CZ\PrUCL
=008  221218s2006----xr------------------ita-d
=020  \\$a8024611872
=040  \\$aABB060$ccze$erda
=041  1\$aita $hcze
=100  1\$aJirotka, Zdeněk $4aut$7jk01051900
=240  10$aSaturnin$1italsky
=245  10$aSaturnin
=264  \1$aPraha :$bKarolinum,$c2006
=300  \\$a287
=700  1\$aKostner, Letizia$4trl
=910  \\$aABB060
=964  \\
=964  \\$aTRL
=998  \\$ahttp://id.sbn.it/bid/PUV1133955
=OWN  \\$aUCLA

