=LDR  00612    a2200229   4500
=001  it22000364
=003  CZ\PrUCL
=008  221218s1996----it------------------ita-d
=020  \\$a88-86355-16-5
=040  \\$aABB060$ccze$erda
=041  1\$aita $hcze
=100  1\$aPoláček, Karel $4aut$7jk01100136
=240  10$aBylo nás pět$1italsky
=245  10$aEravamo in cinque$cNote e postfazione di Filadelfo Giuliano
=264  \1$aPalermo :$bNeopoiesis,$c1996
=300  \\$a188
=700  1\$aGiuliano, Filadelfo$4trl
=910  \\$aABB060
=964  \\
=964  \\$aTRL
=998  \\$ahttp://id.sbn.it/bid/PAL0141138
=OWN  \\$aUCLA

