=LDR  00609    a2200229   4500
=001  it22000365
=003  CZ\PrUCL
=008  221218s2017----it------------------ita-d
=020  \\$a978-88-6564-252-8
=040  \\$aABB060$ccze$erda
=041  1\$aita $hcze
=100  1\$aPilátová, Markéta $4aut$7js20051031017
=240  10$aŽluté oči vedou domů $1italsky
=245  10$aIn qualcosa dovremo pur somigliarci
=264  \1$aRoma :$bAtmosphere libri,$c2017
=300  \\$a157
=700  1\$aAngeloni, Laura$4trl
=910  \\$aABB060
=964  \\
=964  \\$aTRL
=998  \\$ahttp://id.sbn.it/bid/PUV1497702
=OWN  \\$aUCLA

