=LDR  00610    a2200229   4500
=001  it22000366
=003  CZ\PrUCL
=008  221218s2017----it------------------ita-d
=020  \\$a978-88-6944-897-3
=040  \\$aABB060$ccze$erda
=041  1\$aita $hcze
=100  1\$aSchulz, Karel $4aut$7jk01111165
=240  10$aKámen a bolest$1italsky
=245  10$aLa pietra e il dolore $b Michelangelo nei giardini dei Medic
=264  \1$aRoma :$bCastelvecchi,$c2017
=300  \\$a572
=700  1\$aBaiocchi, Paolo$4trl
=910  \\$aABB060
=964  \\
=964  \\$aTRL
=998  \\$ahttp://id.sbn.it/bid/LO11673413
=OWN  \\$aUCLA

