=LDR  00559    a2200229   4500
=001  it22000367
=003  CZ\PrUCL
=008  221218s2013----it------------------ita-d
=020  \\$a978-88-6564-073-9
=040  \\$aABB060$ccze$erda
=041  1\$aita $hcze
=100  1\$aSoukupová, Petra $4aut$7xx0067507
=240  10$aZmizet$1italsky
=245  10$aSparire
=264  \1$aRoma :$bAtmosphere libri,$c2013
=300  \\$a312
=700  1\$aBalletti, Raffaella$4trl
=910  \\$aABB060
=964  \\
=964  \\$aTRL
=998  \\$ahttp://id.sbn.it/bid/MOD1624526
=OWN  \\$aUCLA

