=LDR  00560    a2200229   4500
=001  it22000368
=003  CZ\PrUCL
=008  221218s2009----it------------------ita-d
=020  \\$a978-88-347-1513-0
=040  \\$aABB060$ccze$erda
=041  1\$aita $hcze
=100  1\$aUrban, Miloš $4aut$7jn99240001220
=240  10$aSedmikostelí$1italsky
=245  10$aSette chiese
=264  \1$aRoma :$bFanucci ,$c2009
=300  \\$a311
=700  1\$aKostner, Letizia$4trl
=910  \\$aABB060
=964  \\
=964  \\$aTRL
=998  \\$ahttp://id.sbn.it/bid/LO11258302
=OWN  \\$aUCLA

