=LDR  00581    a2200229   4500
=001  it22000369
=003  CZ\PrUCL
=008  221218s2005----it------------------ita-d
=020  \\$a88-86496-67-2
=040  \\$aABB060$ccze$erda
=041  1\$aita $hcze
=100  1\$aWeiss, Jan $4aut$7jk01151540
=240  10$aDům o tisíci patrech$1italsky
=245  10$aIl palazzo a mille piani
=264  \1$aTreviso :$bSanti Quaranta,$c2005
=300  \\$a212
=700  1\$aBaratella, Chiara$4trl
=910  \\$aABB060
=964  \\
=964  \\$aTRL
=998  \\$ahttp://id.sbn.it/bid/RMB0557429
=OWN  \\$aUCLA

