=LDR  00589    a2200229   4500
=001  it22000370
=003  CZ\PrUCL
=008  221218s2001----it------------------ita-d
=020  \\$a88-86586-73-6
=040  \\$aABB060$ccze$erda
=041  1\$aita $hcze
=100  1\$aZykmund, Václáv $4aut$7jk01152926
=240  10$aSjezd abiturentů$1italsky
=245  10$aL'anniversario dell'esame di maturità
=264  \1$aRoma :$bVoland,$c2001
=300  \\$a170
=700  1\$aKostner, Letizia$4trl
=910  \\$aABB060
=964  \\
=964  \\$aTRL
=998  \\$ahttp://id.sbn.it/bid/UBO1400422
=OWN  \\$aUCLA

