=LDR  00591    a2200229   4500
=001  it22000371
=003  CZ\PrUCL
=008  221218s2018----it------------------ita-d
=020  \\$a978-88-99815-59-2
=040  \\$aABB060$ccze$erda
=041  1\$aita $hcze
=100  1\$aNěmec, Jan $4aut$7jk01083061
=240  10$aNepodávej ruku číšníkovi$1italsky
=245  10$aVolevo uccidere J.-L. Godard
=264  \1$aTorino :$bMiraggi,$c2018
=300  \\$a283
=700  1\$aDe Vito, Alessandro$4trl
=910  \\$aABB060
=964  \\
=964  \\$aTRL
=998  \\$ahttp://id.sbn.it/bid/PUV1490632
=OWN  \\$aUCLA

