=LDR  00577    a2200229   4500
=001  it22000372
=003  CZ\PrUCL
=008  221218s2014----it------------------ita-d
=020  \\$a978-88-89767-55-9
=040  \\$aABB060$ccze$erda
=041  1\$aita $hcze
=100  1\$aLustig, Arnošt $4aut$7jk01072683
=240  10$aKrásné zelené oči$1italsky
=245  10$aNei suoi occhi verdi
=264  \1$aRovereto :$bKeller,$c2014
=300  \\$a486
=700  1\$aKostner, Letizia$4trl
=910  \\$aABB060
=964  \\
=964  \\$aTRL
=998  \\$ahttp://id.sbn.it/bid/LO11524900
=OWN  \\$aUCLA

