=LDR  00589    a2200229   4500
=001  it22000373
=003  CZ\PrUCL
=008  221218s2005----it------------------ita-d
=020  \\$a88-89076-09-7
=040  \\$aABB060$ccze$erda
=041  1\$aita $hcze
=100  1\$aKratochvíl, Jiří $4aut$7jn19990209413
=240  10$aUprostřed nocí zpěv$1italsky
=245  10$aNel cuore delle notti un canto
=264  \1$aMilano :$bAnfora,$c2005
=300  \\$a190
=700  1\$aMura, Alessandro$4trl
=910  \\$aABB060
=964  \\
=964  \\$aTRL
=998  \\$ahttp://id.sbn.it/bid/MOD1017322
=OWN  \\$aUCLA

