=LDR  00553    a2200217   4500
=001  it22000374
=003  CZ\PrUCL
=008  221218s2009----it------------------ita-d
=040  \\$aABB060$ccze$erda
=041  1\$aita $hcze
=100  1\$aHájíček, Jiří $4aut$7jn20000401144
=240  10$aSelský baroko$1italsky
=245  10$aBarocco rustico
=264  \1$aUdine :$bCentro Full Service,$c2009
=300  \\$a157
=700  1\$aPerissutti, Anna Maria$4trl
=910  \\$aABB060
=964  \\
=964  \\$aTRL
=998  \\$ahttp://id.sbn.it/bid/PUV1343272
=OWN  \\$aUCLA

