=LDR  00571    a2200217   4500
=001  it22000375
=003  CZ\PrUCL
=008  221218s1949----it------------------ita-d
=040  \\$aABB060$ccze$erda
=041  1\$aita $hcze
=100  1\$aFučík, Julius $4aut$7jn19981001289
=240  10$aReportáž psaná na oprátce$1italsky
=245  10$aScritto sotto la forca
=264  \1$aMilano :$bUniversale economica,$c1949
=300  \\$a108
=700  1\$aCalamandrei, Franco$4trl
=910  \\$aABB060
=964  \\
=964  \\$aTRL
=998  \\$ahttp://id.sbn.it/bid/IEI0009197
=OWN  \\$aUCLA

