=LDR  00550    a2200217   4500
=001  it22000376
=003  CZ\PrUCL
=008  221218s1969----it------------------ita-d
=040  \\$aABB060$ccze$erda
=041  1\$aita $hcze
=100  1\$aFilip, Ota $4aut$7jk01031164
=240  10$aCesta ke hřbitovu$1italsky
=245  10$aIl caffé sulla strada del cimitero
=264  \1$aMilano :$bGarzanti ,$c1969
=300  \\$a394
=700  1\$aPandolfi, Amina$4trl
=910  \\$aABB060
=964  \\
=964  \\$aTRL
=998  \\$ahttp://id.sbn.it/bid/RAV0255094
=OWN  \\$aUCLA

