=LDR  00586    a2200229   4500
=001  it22000377
=003  CZ\PrUCL
=008  221218s2018----it------------------ita-d
=020  \\$a978-88-99911-33-1
=040  \\$aABB060$ccze$erda
=041  1\$aita $hcze
=100  1\$aFahrner, Filip $4aut$7jo20010094189
=240  10$aSteiner aneb co jsme dělali $1italsky
=245  10$aDalla parte del bene
=264  \1$aRovereto :$bKeller,$c2018
=300  \\$a226
=700  1\$aAngeloni, Laura$4trl
=910  \\$aABB060
=964  \\
=964  \\$aTRL
=998  \\$ahttp://id.sbn.it/bid/PUV1504857
=OWN  \\$aUCLA

