=LDR  00572    a2200229   4500
=001  it22000378
=003  CZ\PrUCL
=008  221218s2015----it------------------ita-d
=020  \\$a978-88-6564-152-1
=040  \\$aABB060$ccze$erda
=041  1\$aita $hcze
=100  1\$aAjvaz, Michal $4aut$7jn19990000066
=240  10$aDruhé město$1italsky
=245  10$aL'altra Praga
=264  \1$aRoma :$bAtmosphere libri,$c2015
=300  \\$a160
=700  1\$aBelletti, Raffaella$4trl
=910  \\$aABB060
=964  \\
=964  \\$aTRL
=998  \\$ahttp://id.sbn.it/bid/TO01945093
=OWN  \\$aUCLA

