=LDR  00568    a2200229   4500
=001  it22000379
=003  CZ\PrUCL
=008  221218s2018----it------------------ita-d
=020  \\$a978-88-338-6000-8
=040  \\$aABB060$ccze$erda
=041  1\$aita $hcze
=100  1\$aBalabán, Jan $4aut$7jn19990202001
=240  10$aZeptej se táty$1italsky
=245  10$aChiedi a papà
=264  \1$aTorino :$bMiraggi,$c2018
=300  \\$a188
=700  1\$aDe Vito, Alessandro$4trl
=910  \\$aABB060
=964  \\
=964  \\$aTRL
=998  \\$ahttp://id.sbn.it/bid/PUV1504871
=OWN  \\$aUCLA

