=LDR  00547    a2200229   4500
=001  it22000380
=003  CZ\PrUCL
=008  221218s2018----it------------------ita-d
=020  \\$a978-88-99815-77-6
=040  \\$aABB060$ccze$erda
=041  1\$aita $hcze
=100  1\$aBianca, Bellová $4aut$7xx0087781
=240  10$aJezero$1italsky
=245  10$aIl lago
=264  \1$aTorino :$bMiraggi,$c2018
=300  \\$a185
=700  1\$aAngeloni, Laura$4trl
=910  \\$aABB060
=964  \\
=964  \\$aTRL
=998  \\$ahttp://id.sbn.it/bid/BCT0049298
=OWN  \\$aUCLA

