=LDR  00597    a2200229   4500
=001  it22000381
=003  CZ\PrUCL
=008  221218s2006----it------------------ita-d
=020  \\$a88-8420-325-2
=040  \\$aABB060$ccze$erda
=041  1\$aita $hcze
=100  1\$aBrabcová, Zuzana $4aut$7jn19990209070
=240  10$aRok perel$1italsky
=245  10$aL'anno delle perle$cCon una nota di Annalisa Cosentino
=264  \1$aUdine :$bForum,$c2006
=300  \\$a211
=700  1\$aOviszach, Ivana$4trl
=910  \\$aABB060
=964  \\
=964  \\$aTRL
=998  \\$ahttp://id.sbn.it/bid/LO11071668
=OWN  \\$aUCLA

