=LDR  00572    a2200229   4500
=001  it22000382
=003  CZ\PrUCL
=008  221218s2018----it------------------ita-d
=020  \\$a978-88-338-6003-9
=040  \\$aABB060$ccze$erda
=041  1\$aita $hcze
=100  1\$aBoučková, Tereza $4aut$7jn19990209069
=240  10$aIndiánský běh$1italsky
=245  10$aLa corsa indiana
=264  \1$aTorino :$bMiraggi,$c2018
=300  \\$a186
=700  1\$aAngeloni, Laura$4trl
=910  \\$aABB060
=964  \\
=964  \\$aTRL
=998  \\$ahttp://id.sbn.it/bid/PUV1504866
=OWN  \\$aUCLA

