=LDR  00546    a2200217   4500
=001  it22000383
=003  CZ\PrUCL
=008  221218s1986----it------------------ita-d
=040  \\$aABB060$ccze$erda
=041  1\$aita $hger
=100  1\$aČerná, Jana $4aut$7jk01021384
=240  10$aAdresát Milena Jesenská$1italsky
=245  10$aVita di Milena
=264  \1$aMilano :$bGarzanti ,$c1986
=300  \\$a151
=700  1\$aMartini Lichtner, Anna$4trl
=910  \\$aABB060
=964  \\
=964  \\$aTRL
=998  \\$ahttp://id.sbn.it/bid/CFI0025642
=OWN  \\$aUCLA

