=LDR  00576    a2200229   4500
=001  it22000384
=003  CZ\PrUCL
=008  221218s2012----it------------------ita-d
=020  \\$a978-88-89767-29-0
=040  \\$aABB060$ccze$erda
=041  1\$aita $hcze
=100  1\$aDenemarková, Radka $4aut$7xx0002871
=240  10$aPeníze od Hitlera$1italsky
=245  10$aI soldi di Hitler
=264  \1$aRovereto :$bKeller,$c2012
=300  \\$a320
=700  1\$aZavettieri, Angela$4trl
=910  \\$aABB060
=964  \\
=964  \\$aTRL
=998  \\$ahttp://id.sbn.it/bid/RAV1968805
=OWN  \\$aUCLA

