=LDR  00530    a2200217   4500
=001  it22000385
=003  CZ\PrUCL
=008  221218s1964----it------------------ita-d
=040  \\$aABB060$ccze$erda
=041  1\$aita $hcze
=100  1\$aFried, Jiří $4aut$7jk01031928
=240  10$aČasová tíseň$1italsky
=245  10$aI minuti contati
=264  \1$aMilano :$bBompiani,$c1964
=300  \\$a202
=700  1\$aMeriggi, Bruno$4trl
=910  \\$aABB060
=964  \\
=964  \\$aTRL
=998  \\$ahttp://id.sbn.it/bid/MOD0264419
=OWN  \\$aUCLA

