=LDR  00510    a2200217   4500
=001  it22000386
=003  CZ\PrUCL
=008  221218s1975----it------------------ita-d
=040  \\$aABB060$ccze$erda
=041  1\$aita $hcze
=100  1\$aFried, Jiří $4aut$7jk01031928
=240  10$aHobby$1italsky
=245  10$aHobby
=264  \1$aTorino :$bG,$c1975
=300  \\$a97
=700  1\$aRipellino Hlochová, Ela$4trl
=910  \\$aABB060
=964  \\
=964  \\$aTRL
=998  \\$ahttp://id.sbn.it/bid/RAV0058508
=OWN  \\$aUCLA

