=LDR  00576    a2200217   4500
=001  it22000387
=003  CZ\PrUCL
=008  221218s1972----it------------------ita-d
=040  \\$aABB060$ccze$erda
=041  1\$aita $hcze
=100  1\$aFuks, Ladislav $4aut$7jk01032159
=240  10$aSpalovač mrtvol$1italsky
=245  10$aIl bruciacadaveri$c Introduzione di Angelo Maria Ripellino
=264  \1$aTorino :$bG,$c1972
=300  \\$a193
=700  1\$aRipellino Hlochová, Ela$4trl
=910  \\$aABB060
=964  \\
=964  \\$aTRL
=998  \\$ahttp://id.sbn.it/bid/RLZ0161211
=OWN  \\$aUCLA

