=LDR  00552    a2200217   4500
=001  it22000388
=003  CZ\PrUCL
=008  221218s1972----it------------------ita-d
=040  \\$aABB060$ccze$erda
=041  1\$aita $hcze
=100  1\$aFuks, Ladislav $4aut$7jk01032159
=240  10$aMyši Natálie Mooshabrové$1italsky
=245  10$aUna buffa triste vecchina
=264  \1$aMilano :$bGarzanti ,$c1972
=300  \\$a379
=700  1\$aVitale, Serena$4trl
=910  \\$aABB060
=964  \\
=964  \\$aTRL
=998  \\$ahttp://id.sbn.it/bid/SBL0456502
=OWN  \\$aUCLA

