=LDR  00546    a2200217   4500
=001  it22000389
=003  CZ\PrUCL
=008  221218s1997----it------------------ita-d
=040  \\$aABB060$ccze$erda
=041  1\$aita $hcze
=100  1\$aFuks, Ladislav $4aut$7jk01032159
=240  10$aPan Theodor Mundstock $1italsky
=245  10$aIl signor Theodor Mundstock
=264  \1$aTorino :$bG,$c1997
=300  \\$a219
=700  1\$aBrignole, Francesco$4trl
=910  \\$aABB060
=964  \\
=964  \\$aTRL
=998  \\$ahttp://id.sbn.it/bid/LO10446484
=OWN  \\$aUCLA

