=LDR  00552    a2200217   4500
=001  it22000390
=003  CZ\PrUCL
=008  221218s2005----it------------------ita-d
=040  \\$aABB060$ccze$erda
=041  1\$aita $hcze
=100  1\$aHodrová, Daniela $4aut$7jk01041474
=240  10$aMěsto vidím$1italsky
=245  10$aVisioni di Praga$cFotografie di Jan Reich
=264  \1$aUdine :$bForum,$c2005
=300  \\$a102
=700  1\$aFiorica, Livio$4trl
=910  \\$aABB060
=964  \\
=964  \\$aTRL
=998  \\$ahttp://id.sbn.it/bid/LO11042311
=OWN  \\$aUCLA

