=LDR  00535    a2200217   4500
=001  it22000391
=003  CZ\PrUCL
=008  221218s2005----it------------------ita-d
=040  \\$aABB060$ccze$erda
=041  1\$aita $hcze
=100  1\$aHodrová, Daniela $4aut$7jk01041474
=240  10$aPodobojí $1italsky
=245  10$aSotto le due specie
=264  \1$aUdine :$bForum,$c2005
=300  \\$a161
=700  1\$aPerissutti, Anna Maria$4trl
=910  \\$aABB060
=964  \\
=964  \\$aTRL
=998  \\$ahttp://id.sbn.it/bid/TSA0803253
=OWN  \\$aUCLA

