=LDR  00549    a2200217   4500
=001  it22000392
=003  CZ\PrUCL
=008  221218s2009----it------------------ita-d
=040  \\$aABB060$ccze$erda
=041  1\$aita $hcze
=100  1\$aHůlová, Petra $4aut$7jo2002111362
=240  10$aPřes matný sklo$1italsky
=245  10$aAttraverso un vetro opaco
=264  \1$aMilano :$bLa tartaruga,$c2009
=300  \\$a132
=700  1\$aAngeloni, Laura$4trl
=910  \\$aABB060
=964  \\
=964  \\$aTRL
=998  \\$ahttp://id.sbn.it/bid/UBO3710993
=OWN  \\$aUCLA

