=LDR  00548    a2200217   4500
=001  it22000393
=003  CZ\PrUCL
=008  221218s2013----it------------------ita-d
=040  \\$aABB060$ccze$erda
=041  1\$aita $hcze
=100  1\$aHůlová, Petra $4aut$7jo2002111362
=240  10$aUmĕlohmotný třípokoj$1italsky
=245  10$aTrilocale di plastica
=264  \1$aMilano :$bBaldini ,$c2013
=300  \\$a178
=700  1\$aAngeloni, Laura$4trl
=910  \\$aABB060
=964  \\
=964  \\$aTRL
=998  \\$ahttp://id.sbn.it/bid/VIA0260183
=OWN  \\$aUCLA

