=LDR  00555    a2200217   4500
=001  it22000394
=003  CZ\PrUCL
=008  221218s2012----it------------------ita-d
=040  \\$aABB060$ccze$erda
=041  1\$aita $hcze
=100  1\$aHůlová, Petra $4aut$7jo2002111362
=240  10$aPaměť mojí babičce$1italsky
=245  10$aTutto questo mi appartiene
=264  \1$aMilano :$bLa tartaruga,$c2012
=300  \\$a255
=700  1\$aAngeloni, Laura$4trl
=910  \\$aABB060
=964  \\
=964  \\$aTRL
=998  \\$ahttp://id.sbn.it/bid/UBO3932914
=OWN  \\$aUCLA

