=LDR  00662    a2200229   4500
=001  it22000395
=003  CZ\PrUCL
=008  221218s2006----it------------------ita-d
=020  \\$a88-8420-339-2
=040  \\$aABB060$ccze$erda
=041  1\$aita $hcze
=100  1\$aJedlička, Josef$4aut$7
=240  10$aKde život náš je v půli se svou poutí$1italsky
=245  10$aNel mezzo del cammin di nostra vita$cPostfazione di Michael Špirit, con una nota di Alena Wildová Tosi
=264  \1$aUdine :$bForum,$c2006
=300  \\$a115
=700  1\$aFiorica, Livio$4trl
=910  \\$aABB060
=964  \\
=964  \\$aTRL
=998  \\$ahttp://id.sbn.it/bid/LO11093270
=OWN  \\$aUCLA

