=LDR  00545    a2200217   4500
=001  it22000396
=003  CZ\PrUCL
=008  221218s1930----it------------------ita-d
=040  \\$aABB060$ccze$erda
=041  1\$aita $hcze
=100  1\$aOlbracht, Ivan $4aut$7jk01091013
=240  10$aŽalář nejtemnější$1italsky
=245  10$aLa prigione più tetra
=264  \1$aTorino :$bSlavia,$c1930
=300  \\$a283
=700  1\$aGiusti, Wolfgango$4trl
=910  \\$aABB060
=964  \\
=964  \\$aTRL
=998  \\$ahttp://id.sbn.it/bid/BA10014644
=OWN  \\$aUCLA

