=LDR  00611    a2200217   4500
=001  it22000397
=003  CZ\PrUCL
=008  221218s1936----it------------------ita-d
=040  \\$aABB060$ccze$erda
=041  1\$aita $hcze
=100  1\$aOlbracht, Ivan $4aut$7jk01091013
=240  10$a Nikola Suhaj loupežnik$1italsky
=245  10$aNicola Sciuhaj, il masnadiero
=264  \1$aMilano :$bMondadori,$c1936
=300  \\$a228
=700  1\$aPrampolini, Giacomo$4trl
=910  \\$aABB060
=964  \\
=964  \\$aTRL
=998  \\$ahttps://galileodiscovery.unipd.it/permalink/39UPD_INST/prmo4k/alma990010204880206046
=OWN  \\$aUCLA

