=LDR  00590    a2200217   4500
=001  it22000398
=003  CZ\PrUCL
=008  221218s1953----it------------------ita-d
=040  \\$aABB060$ccze$erda
=041  1\$aita $hcze
=100  1\$aOlbracht, Ivan $4aut$7jk01091013
=240  10$aAnna proletářka$1italsky
=245  10$aAnna
=264  \1$aRoma :$bEdizioni di cultura sociale,$c1953
=300  \\$a345
=700  1\$aMeriggi, Bruno$4trl
=910  \\$aABB060
=964  \\
=964  \\$aTRL
=998  \\$ahttps://galileodiscovery.unipd.it/permalink/39UPD_INST/prmo4k/alma990012889340206046
=OWN  \\$aUCLA

