=LDR  00606    a2200217   4500
=001  it22000399
=003  CZ\PrUCL
=008  221218s1960----it------------------ita-d
=040  \\$aABB060$ccze$erda
=041  1\$aita $hcze
=100  1\$aOtčenášek, Jan $4aut$7jk01091352
=240  10$aRomeo, Julie a tma$1italsky
=245  10$aRomeo, Giulietta e le tenebre$cPresentazione di Angelo Maria Ripellino
=264  \1$aMilano :$bNuova Accademia,$c1960
=300  \\$a171
=700  1\$aRipellino, Angelo Maria$4trl
=910  \\$aABB060
=964  \\
=964  \\$aTRL
=998  \\$ahttp://id.sbn.it/bid/TO00365493
=OWN  \\$aUCLA

