=LDR  00714    a2200241   4500
=001  it22000400
=003  CZ\PrUCL
=008  221218s1986----it------------------ita-d
=020  \\$a88-7641-036-8
=040  \\$aABB060$ccze$erda
=041  1\$aita $hcze
=100  1\$aRichterová, Sylvie $4aut$7jn19990209718
=240  10$a Místopis$1italsky
=245  10$aTopografia$cpresentazione di Milan Kundera, illustrazioni di Jiří Kolář
=264  \1$aRoma :$bE,$c1986
=300  \\$a129
=700  1\$aGraziadei, Catarina $4trl
=700  1\$a Richterová, Sylvie$4trl
=910  \\$aABB060
=964  \\
=964  \\$aTRL
=998  \\$ahttps://galileodiscovery.unipd.it/permalink/39UPD_INST/prmo4k/alma990000615020206046
=OWN  \\$aUCLA

