=LDR  00614    a2200229   4500
=001  it22000401
=003  CZ\PrUCL
=008  221218s2018----it------------------ita-d
=020  \\$a978-88-575-4693-3
=040  \\$aABB060$ccze$erda
=041  1\$aita $hcze
=100  1\$aRichterová, Sylvie $4aut$7jn19990209718
=240  10$aKaždá věc ať dospěje na své místo$1italsky
=245  10$aChe ogni cosa trovi il suo posto
=264  \1$aMilano :$bMimesis,$c2018
=300  \\$a449
=700  1\$aMura, Alessandro$4trl
=910  \\$aABB060
=964  \\
=964  \\$aTRL
=998  \\$ahttp://id.sbn.it/bid/RMB0801458
=OWN  \\$aUCLA

