=LDR  00606    a2200229   4500
=001  it22000402
=003  CZ\PrUCL
=008  221218s2009----it------------------ita-d
=020  \\$a9788874521838
=040  \\$aABB060$ccze$erda
=041  1\$aita $hcze
=100  1\$aLegátová, Květa $4aut$7jk01100201
=240  10$aŽelary$1italsky
=245  10$aŽelary
=264  \1$a Roma :$bNottetempo,$c2009
=300  \\$a495
=700  1\$aBelletti, Raffaella$4trl
=910  \\$aABB060
=964  \\
=964  \\$aTRL
=998  \\$ahttps://galileodiscovery.unipd.it/permalink/39UPD_INST/prmo4k/alma990017518920206046
=OWN  \\$aUCLA

