=LDR  00612    a2200229   4500
=001  it22000403
=003  CZ\PrUCL
=008  221218s1989----it------------------ita-d
=020  \\$a88-04-31956-9
=040  \\$aABB060$ccze$erda
=041  1\$aita $hcze
=100  1\$aMoníková, Libuše $4aut$7jn19990209559
=240  10$aFasáda$1italsky
=245  10$aLa facciata
=264  \1$aMilano :$bMondadori,$c1989
=300  \\$a424
=700  1\$a Agabio, Giovanna$4trl
=910  \\$aABB060
=964  \\
=964  \\$aTRL
=998  \\$ahttps://galileodiscovery.unipd.it/permalink/39UPD_INST/prmo4k/alma990001031410206046
=OWN  \\$aUCLA

