=LDR  00632    a2200229   4500
=001  it22000404
=003  CZ\PrUCL
=008  221218s2017----it------------------ita-d
=020  \\$a9788868061609
=040  \\$aABB060$ccze$erda
=041  1\$aita $hcze
=100  1\$aMucha, Jiří $4aut$7jk01082373
=240  10$aAlfons Mucha$1italsky
=245  10$aAlfons Mucha $b l'artista e il suo temp
=264  \1$aFasano :$bSchena,$c2017
=300  \\$a310
=700  1\$aMenotti, Tiziana$4trl
=910  \\$aABB060
=964  \\
=964  \\$aTRL
=998  \\$ahttps://galileodiscovery.unipd.it/permalink/39UPD_INST/prmo4k/alma990029347570206046
=OWN  \\$aUCLA

