=LDR  00595    a2200229   4500
=001  it22000405
=003  CZ\PrUCL
=008  221218s2017----it------------------ita-d
=020  \\$a9788897561422
=040  \\$aABB060$ccze$erda
=041  1\$aita $hcze
=100  1\$aNěmec, Jan $4aut$7
=240  10$aDějiny světla$1italsky
=245  10$aStoria della luce $b romanzo sul fotografo František Drtikol
=264  \1$a Pordenone :$bSafarà,$c2017
=300  \\$a430
=700  1\$aZuccolo, Elena$4trl
=910  \\$aABB060
=964  \\
=964  \\$aTRL
=998  \\$ahttp://id.sbn.it/bid/VEA1226044
=OWN  \\$aUCLA

