=LDR  00620    a2200229   4500
=001  it22000406
=003  CZ\PrUCL
=008  221218s2005----it------------------ita-d
=020  \\$a88-901403-5-6
=040  \\$aABB060$ccze$erda
=041  1\$aita $hcze
=100  1\$aOuředník, Patrik $4aut$7jn99240000828
=240  10$aEuropeana : Stručné dějiny dvacátého věku$1italsky
=245  10$aEuropeana $b breve storia del 20. secol
=264  \1$aPalermo :$bDuepunti,$c2005
=300  \\$a150
=700  1\$aPaul, Elena$4trl
=910  \\$aABB060
=964  \\
=964  \\$aTRL
=998  \\$ahttp://id.sbn.it/bid/PUV1081952
=OWN  \\$aUCLA

