=LDR  00582    a2200229   4500
=001  it22000407
=003  CZ\PrUCL
=008  221218s2007----it------------------ita-d
=020  \\$a9788889987049
=040  \\$aABB060$ccze$erda
=041  1\$aita $hcze
=100  1\$aOuředník, Patrik $4aut$7jn99240000828
=240  10$aPříhodná chvílie, 1855$1italsky
=245  10$aIstante propizio, 1855
=264  \1$aPalermo :$bDuepunti,$c2007
=300  \\$a134
=700  1\$aPaul, Elena$4trl
=910  \\$aABB060
=964  \\
=964  \\$aTRL
=998  \\$ahttp://id.sbn.it/bid/PAL0210499
=OWN  \\$aUCLA

