=LDR  00611    a2200229   4500
=001  it22000408
=003  CZ\PrUCL
=008  221218s2011----it------------------ita-d
=020  \\$a9788889987636
=040  \\$aABB060$ccze$erda
=041  1\$aita $hcze
=100  1\$aOuředník, Patrik $4aut$7jn99240000828
=240  10$aDnes a pozítří$1italsky
=245  10$aOggi e dopodomani $b discorsi di cinque sopravvissut
=264  \1$aPalermo :$bDuepunti,$c2011
=300  \\$a103
=700  1\$a Carbone, Andrea L.$4trl
=910  \\$aABB060
=964  \\
=964  \\$aTRL
=998  \\$ahttp://id.sbn.it/bid/PAL0238472
=OWN  \\$aUCLA

