=LDR  00567    a2200229   4500
=001  it22000409
=003  CZ\PrUCL
=008  221218s2016----it------------------ita-d
=020  \\$a978-88-99911-01-0
=040  \\$aABB060$ccze$erda
=041  1\$aita $hcze
=100  1\$aOuředník, Patrik $4aut$7jn99240000828
=240  10$aAd acta$1italsky
=245  10$aCaso irrisolto
=264  \1$aRovereto :$bKeller,$c2016
=300  \\$a213
=700  1\$aCatalano, Alessandro$4trl
=910  \\$aABB060
=964  \\
=964  \\$aTRL
=998  \\$ahttp://id.sbn.it/bid/MOD1664179
=OWN  \\$aUCLA

