=LDR  00665    a2200229   4500
=001  it22000410
=003  CZ\PrUCL
=008  221218s2018----it------------------ita-d
=020  \\$a9788822902122
=040  \\$aABB060$ccze$erda
=041  1\$aita $hcze
=100  1\$aOuředník, Patrik $4aut$7jn99240000828
=240  10$aKonec světa se prý nekonal$1italsky
=245  10$aLa fine del mondo sembra non sia arrivata
=264  \1$aMacerata :$bQuodlibet,$c2018
=300  \\$a206
=700  1\$aCarbone, Andrea L.$4trl
=910  \\$aABB060
=964  \\
=964  \\$aTRL
=998  \\$ahttps://galileodiscovery.unipd.it/permalink/39UPD_INST/prmo4k/alma990031876410206046
=OWN  \\$aUCLA

