=LDR  00644    a2200229   4500
=001  it22000411
=003  CZ\PrUCL
=008  221218s1994----it------------------ita-d
=020  \\$a88-7641-222-0
=040  \\$aABB060$ccze$erda
=041  1\$aita $hcze
=100  1\$aRudiš, Jaroslav $4aut$7xx0004127
=240  10$aNebe nad Berlínem$1italsky
=245  10$aIl cielo sotto Berlino$cPostfazione di Bohumil Svozil
=264  \1$aRoma :$bE,$c1994
=300  \\$a121
=700  1\$aZane, Barbara$4trl
=910  \\$aABB060
=964  \\
=964  \\$aTRL
=998  \\$ahttps://galileodiscovery.unipd.it/permalink/39UPD_INST/prmo4k/alma990002258170206046
=OWN  \\$aUCLA

