=LDR  00600    a2200229   4500
=001  it22000412
=003  CZ\PrUCL
=008  221218s2018----it------------------ita-d
=020  \\$a978-88-94034-62-2
=040  \\$aABB060$ccze$erda
=041  1\$aita $hcze
=100  1\$aRudiš, Jaroslav $4aut$7xx0004127
=240  10$aKonec punku v Helsinkách$1italsky
=245  10$aHelsinki, dove il punk si è fermato
=264  \1$aGranze :$bPoldi libri,$c2018
=300  \\$a303
=700  1\$aMarasco, Tiziano$4trl
=910  \\$aABB060
=964  \\
=964  \\$aTRL
=998  \\$ahttp://id.sbn.it/bid/PUV1491271
=OWN  \\$aUCLA

