=LDR  00596    a2200229   4500
=001  it22000413
=003  CZ\PrUCL
=008  221218s2019----it------------------ita-d
=020  \\$a9788833860794
=040  \\$aABB060$ccze$erda
=041  1\$aita $hcze
=100  1\$aRudiš, Jaroslav $4aut$7xx0004127
=240  10$aGrandhotel : román nad mraky$1italsky
=245  10$aGrand Hotel $b romanzo sopra le nuvol
=264  \1$aTorino :$bMiraggi,$c2019
=300  \\$a217
=700  1\$aRaymann, Yvonne$4trl
=910  \\$aABB060
=964  \\
=964  \\$aTRL
=998  \\$ahttp://id.sbn.it/bid/PUV1525946
=OWN  \\$aUCLA

