=LDR  00580    a2200217   4500
=001  it22000414
=003  CZ\PrUCL
=008  221218s1973----it------------------ita-d
=040  \\$aABB060$ccze$erda
=041  1\$aita $hcze
=100  1\$aTeige, Karel $4aut$7jk01132144
=240  10$aJarmarka umění$1italsky
=245  10$aIl mercato dell'arte $b l'arte tra capitalismo e rivoluzion
=264  \1$aTorino :$bEinaudi,$c1973
=300  \\$a161
=700  1\$aPacini, Gianlorenzo$4trl
=910  \\$aABB060
=964  \\
=964  \\$aTRL
=998  \\$ahttp://id.sbn.it/bid/LIA0152561
=OWN  \\$aUCLA

