=LDR  00625    a2200241   4500
=001  it22000430
=003  CZ\PrUCL
=008  221218s1982----it------------------ita-d
=040  \\$aABB060$ccze$erda
=041  1\$aita $hcze
=100  1\$aTeige, Karel $4aut$7jk01132144
=240  10$aOriginál neexistuje$1italsky
=245  10$aArte e ideologia (1922-1933)
=264  \1$aTorino :$bEinaudi,$c1982
=300  \\$a332
=700  1\$aCorduas, Sergio $4trl
=700  1\$a D'Amelia, Antonella $4trl
=700  1\$a Zane, Barbara$4trl
=910  \\$aABB060
=964  \\
=964  \\$aTRL
=998  \\$ahttp://id.sbn.it/bid/RAV0018944
=OWN  \\$aUCLA

