=LDR  00541    a2200217   4500
=001  it22000446
=003  CZ\PrUCL
=008  221218s1996----it------------------ita-d
=020  \\$a88-435-5743-2
=040  \\$aABB060$ccze$erda
=041  1\$aita $hcze
=240  10$aOriginál neexistuje$1italsky
=245  10$aArchitettura, Poesia $b Praga 1900-195
=264  \1$aMilano :$bElecta,$c1996
=300  \\$a332
=700  1\$aBrignole, Francesco$4trl
=910  \\$aABB060
=964  \\
=964  \\$aTRL
=998  \\$ahttp://id.sbn.it/bid/VEA0082907
=OWN  \\$aUCLA

