=LDR  00597    a2200229   4500
=001  it22000451
=003  CZ\PrUCL
=008  221218s1994----it------------------ita-d
=020  \\$a88-7641-222-0
=040  \\$aABB060$ccze$erda
=041  1\$aita $hcze
=100  1\$aPavel, Ota $4aut$7jk01092027
=240  10$aOriginál neexistuje$1italsky
=245  10$aIl grande vagabondo delle acque$cPostfazione di Bohumil Svozil
=264  \1$aRoma :$be,$c1994
=300  \\$a121
=700  1\$aZane, Barbara$4trl
=910  \\$aABB060
=964  \\
=964  \\$aTRL
=998  \\$ahttp://id.sbn.it/bid/LO10349826
=OWN  \\$aUCLA

