=LDR  00613    a2200229   4500
=001  it22000462
=003  CZ\PrUCL
=008  221218s2013----it------------------ita-d
=020  \\$a978-88-89767-37-5
=040  \\$aABB060$ccze$erda
=041  1\$aita $hcze
=100  1\$aPavel, Ota $4aut$7jk01092027
=240  10$aSmrt krásných srnců$1italsky
=245  10$aLa morte dei capricoli belli$cPostfazione di Mariusz Szczygieł
=264  \1$aRovereto :$bKeller,$c2013
=300  \\$a158
=700  1\$aZane, Barbara$4trl
=910  \\$aABB060
=964  \\
=964  \\$aTRL
=998  \\$ahttp://id.sbn.it/bid/UBO4008760
=OWN  \\$aUCLA

