=LDR  00574    a2200229   4500
=001  it22000463
=003  CZ\PrUCL
=008  221218s2017----it------------------ita-d
=020  \\$a 978-88-99911-14-0
=040  \\$aABB060$ccze$erda
=041  1\$aita $hcze
=100  1\$aPavel, Ota $4aut$7jk01092027
=240  10$aJak jsem potkal ryby$1italsky
=245  10$aCome ho incontrato pesci 
=264  \1$aRovereto :$bKeller,$c2017
=300  \\$a263
=700  1\$aZane, Barbara$4trl
=910  \\$aABB060
=964  \\
=964  \\$aTRL
=998  \\$ahttp://id.sbn.it/bid/PUV1480180
=OWN  \\$aUCLA

