=LDR  00581    a2200229   4500
=001  it22000464
=003  CZ\PrUCL
=008  221218s2011----it------------------ita-d
=020  \\$a978-88-95812-15-1
=040  \\$aABB060$ccze$erda
=041  1\$aita $hcze
=100  1\$aTučková, Kateřina $4aut$7mzk2006348534
=240  10$aŽitkovské bohyně$1italsky
=245  10$aL'eredità delle dee
=264  \1$aFirenze :$bNikita,$c2011
=300  \\$a482
=700  1\$aAngeloni, Laura$4trl
=910  \\$aABB060
=964  \\
=964  \\$aTRL
=998  \\$ahttp://id.sbn.it/bid/PUV1335412
=OWN  \\$aUCLA

