=LDR  00646    a2200229   4500
=001  it22000465
=003  CZ\PrUCL
=008  221218s2016----it------------------ita-d
=020  \\$a978-88-97561-32-3
=040  \\$aABB060$ccze$erda
=041  1\$aita $hcze
=100  1\$aZmeškal, Tomáš $4aut$7xx0084376
=240  10$aMilostný dopis klínovým písmem$1italsky
=245  10$aLettera d'amore in scrittura cuneiforme$cPrefazione di Alessandro Catalano
=264  \1$aPordenone :$bSafarà,$c2016
=300  \\$a383
=700  1\$aAngeloni, Laura$4trl
=910  \\$aABB060
=964  \\
=964  \\$aTRL
=998  \\$ahttp://id.sbn.it/bid/VEA1202282
=OWN  \\$aUCLA

