=LDR  00520    a2200217   4500
=001  it22000466
=003  CZ\PrUCL
=008  221218s1958----it------------------ita-d
=040  \\$aABB060$ccze$erda
=041  1\$aita $heng
=100  1\$aHostovský, Egon $4aut$7jk01042403
=240  10$aThe midnight patient$1italsky
=245  10$aLe spie
=264  \1$aMilano :$bA,$c1958
=300  \\$a269
=700  1\$aGiraldo, Elda$4trl
=910  \\$aABB060
=964  \\
=964  \\$aTRL
=998  \\$ahttp://id.sbn.it/bid/SBL0486135
=OWN  \\$aUCLA

