=LDR  00568    a2200229   4500
=001  it22000467
=003  CZ\PrUCL
=008  221218s1993----it------------------ita-d
=020  \\$a88-85861-41-5
=040  \\$aABB060$ccze$erda
=041  1\$aita $hcze
=100  1\$aBondy, Egon $4aut$7jk01012610
=240  10$aInvalidní sourozenci$1italsky
=245  10$aFratelli invalidi
=264  \1$aMilano :$bElèuthera,$c1993
=300  \\$a240
=700  1\$aFerrario, Andrea$4trl
=910  \\$aABB060
=964  \\
=964  \\$aTRL
=998  \\$ahttp://id.sbn.it/bid/LO10321785
=OWN  \\$aUCLA

