=LDR  00524    a2200217   4500
=001  it22000468
=003  CZ\PrUCL
=008  221218s1971----it------------------ita-d
=040  \\$aABB060$ccze$erda
=041  1\$aita $hcze
=100  1\$aHalas, František $4aut$7jk01033200
=240  10$aBásně$1italsky
=245  10$aImagena
=264  \1$aTorino :$bEinaudi,$c1971
=300  \\$a270
=700  1\$aRipellino, Angela Maria$4trl
=910  \\$aABB060
=964  \\
=964  \\$aTRL
=998  \\$ahttp://id.sbn.it/bid/BRI0002513
=OWN  \\$aUCLA

