=LDR  00654    a2200241   4500
=001  it22000469
=003  CZ\PrUCL
=008  221218s1993----it------------------ita-d
=020  \\$a88-06-12980-5
=040  \\$aABB060$ccze$erda
=041  1\$aita $hcze
=100  1\$aHolan, Vladimír $4aut$7jk01041653
=240  10$aOriginál neexistuje$1italsky
=245  10$aUna notte con Amleto. Una notte con Ofelia e altre poesie
=264  \1$aTorino :$bEinaudi,$c1993
=300  \\$a230
=700  1\$aRipellino, Angela Maria $4trl
=700  1\$a Ripellino, Ela$4trl
=910  \\$aABB060
=964  \\
=964  \\$aTRL
=998  \\$ahttp://id.sbn.it/bid/UBO0107982
=OWN  \\$aUCLA

