=LDR  00679    a2200229   4500
=001  it22000472
=003  CZ\PrUCL
=008  221218s2005----it------------------ita-d
=020  \\$a88-04-48494-2
=040  \\$aABB060$ccze$erda
=041  1\$aita $hcze
=100  1\$aHolan, Vladimír $4aut$7jk01041653
=240  10$aOriginál neexistuje$1italsky
=245  10$aA tutto silenzio $b Poesie (1961-1967 / $cIntroduzione di Vladimír Justl; versi italiani di Giovanni Raboni e Marco Ceriani
=264  \1$aMilano :$bMandadori,$c2005
=300  \\$a137
=700  1\$aFesslová, Vlasta$4trl
=910  \\$aABB060
=964  \\
=964  \\$aTRL
=998  \\$ahttp://id.sbn.it/bid/UBO2680865
=OWN  \\$aUCLA

