=LDR  00680    a2200241   4500
=001  it22000646
=003  CZ\PrUCL
=008  221218s1983----it------------------ita-d
=020  \\$a88-06-05553-4
=040  \\$aABB060$ccze$erda
=041  1\$aita $hcze
=100  1\$aHolan, Vladimír $4aut$7jk01041653
=240  10$aOriginál neexistuje$1italsky
=245  10$aUna notte con Ofelia $b e altre poesi / $cSaggio introduttivo di Vladimír Justl
=264  \1$aTorino :$bG,$c1983
=300  \\$a76
=700  1\$aRipellino, Angela Mario $4trl
=700  1\$a Ripellino Hlochová, Ela$4trl
=910  \\$aABB060
=964  \\
=964  \\$aTRL
=998  \\$ahttp://id.sbn.it/bid/CFI0011111
=OWN  \\$aUCLA

