=LDR  00631    a2200229   4500
=001  it22000652
=003  CZ\PrUCL
=008  221218s2014----it------------------ita-d
=020  \\$a978-88-7695-500-6
=040  \\$aABB060$ccze$erda
=041  1\$aita $hcze
=100  1\$aHolan, Vladimír $4aut$7jk01041653
=240  10$aOriginál neexistuje$1italsky
=245  10$aAddio?$cVersi italiani di Marco Ceriani, prefazione di Giovanni Raboni
=264  \1$aMilano :$bArcipelago,$c2014
=300  \\$a683
=700  1\$a Fesslová, Vlasta$4trl
=910  \\$aABB060
=964  \\
=964  \\$aTRL
=998  \\$ahttp://id.sbn.it/bid/VEA1158258
=OWN  \\$aUCLA

