=LDR  00594    a2200229   4500
=001  it22000656
=003  CZ\PrUCL
=008  221218s1990----it------------------ita-d
=020  \\$a88-7198-028-X
=040  \\$aABB060$ccze$erda
=041  1\$aita $hcze
=100  1\$aJamek, Václav $4aut$7jk01050721
=240  10$aOriginál neznámý$1italsky
=245  10$aRicordi di un mitteleuropeo $b storie praghes
=264  \1$aMilano :$bSugarco,$c1990
=300  \\$a254
=700  1\$aPorfido, Massimo$4trl
=910  \\$aABB060
=964  \\
=964  \\$aTRL
=998  \\$ahttp://id.sbn.it/bid/PUV0032792
=OWN  \\$aUCLA

