=LDR  00560    a2200217   4500
=001  it22000657
=003  CZ\PrUCL
=008  221218s1997----it------------------ita-d
=040  \\$aABB060$ccze$erda
=041  1\$aita $hcze
=100  1\$aHolub, Miroslav $4aut$7jk01041818
=240  10$aoriginál neexistuje$1italsky
=245  10$aPoesie $cCon un saggio do Seamus Heaney
=264  \1$aPescara :$bEdiars,$c1997
=300  \\$a65
=700  1\$aMarianacci, Dante$4trl
=910  \\$aABB060
=964  \\
=964  \\$aTRL
=998  \\$ahttp://id.sbn.it/bid/BVE0140045
=OWN  \\$aUCLA

