=LDR  00655    a2200241   4500
=001  it22000688
=003  CZ\PrUCL
=008  221218s2014----it------------------ita-d
=020  \\$a978-88-98518-09-8
=040  \\$aABB060$ccze$erda
=041  1\$aita $hcze
=100  1\$aHruška, Petr $4aut$7mzk2004261281
=240  10$aOriginál neexistuje$1italsky
=245  10$aLe macchine entrano nelle navi $cprefazione di Jan Štolba
=264  \1$aRoma :$bValigie rosse,$c2014
=300  \\$a94
=700  1\$aŠpička, Jiří $4trl
=700  1\$a Maccari, Paolo$4trl
=910  \\$aABB060
=964  \\
=964  \\$aTRL
=998  \\$ahttp://id.sbn.it/bid/VEA1150938
=OWN  \\$aUCLA

