=LDR  00684    a2200241   4500
=001  it22000723
=003  CZ\PrUCL
=008  221218s1983----it------------------ita-d
=020  \\$a88-7641-010-4
=040  \\$aABB060$ccze$erda
=041  1\$aita $hcze
=100  1\$aKlíma, Ladislav $4aut$7jk01060531
=240  10$aUtrpení knížete Sternenocha$1italsky
=245  10$aI dolori del principe Sternenoch$ccon avvertimenti e note per Ladislav Klíma di Sergio Corduas
=264  \1$aRoma :$bE,$c1983
=300  \\$a182
=700  1\$aAmici, Dania $4trl
=700  1\$a Corduas, Sergio$4trl
=910  \\$aABB060
=964  \\
=964  \\$aTRL
=998  \\$ahttp://id.sbn.it/bid/RLZ0306961
=OWN  \\$aUCLA

