=LDR  00526    a2200217   4500
=001  it22000724
=003  CZ\PrUCL
=008  221218s1978----it------------------ita-d
=040  \\$aABB060$ccze$erda
=041  1\$aita $hcze
=100  1\$aKohout, Pavel $4aut$7jk01061137
=240  10$aKatyně$1italsky
=245  10$aLa carnefice
=264  \1$aRoma :$bEditori Riuniti,$c1978
=300  \\$a376
=700  1\$aBiancospino, Elisa$4trl
=910  \\$aABB060
=964  \\
=964  \\$aTRL
=998  \\$ahttp://id.sbn.it/bid/RLZ0306962
=OWN  \\$aUCLA

