=LDR  00571    a2200229   4500
=001  it22000725
=003  CZ\PrUCL
=008  221218s2003----it------------------ita-d
=020  \\$a88-8112-417-3
=040  \\$aABB060$ccze$erda
=041  1\$aita $hcze
=100  1\$aKohout, Pavel $4aut$7jk01061137
=240  10$aHvězdná hodina vrahů$1italsky
=245  10$aL'assassino delle vedove
=264  \1$aRoma :$bFazi,$c2003
=300  \\$a446
=700  1\$aLetizia, Kostner$4trl
=910  \\$aABB060
=964  \\
=964  \\$aTRL
=998  \\$ahttp://id.sbn.it/bid/RAV1133895
=OWN  \\$aUCLA

