=LDR  00605    a2200229   4500
=001  it22000726
=003  CZ\PrUCL
=008  221218s2014----it------------------ita-d
=020  \\$a978-88-575-2384-2
=040  \\$aABB060$ccze$erda
=041  1\$aita $hcze
=100  1\$aKrál, Petr $4aut$7jk01062798
=240  10$aOriginál neexistuje$1italsky
=245  10$aTutto sul crepuscolo$cIntroduzione di Francesca Tuscano
=264  \1$aMilano :$bMimesis,$c2014
=300  \\$a76
=700  1\$aParente, Antonio$4trl
=910  \\$aABB060
=964  \\
=964  \\$aTRL
=998  \\$ahttp://id.sbn.it/bid/MIL0866248
=OWN  \\$aUCLA

