=LDR  00576    a2200217   4500
=001  it22000776
=003  CZ\PrUCL
=008  221218s2017----it------------------ita-d
=020  \\$a978-88-99815-11-0
=040  \\$aABB060$ccze$erda
=041  1\$aita $hcze
=240  10$aZákladní pojmy$1italsky
=245  10$aNozioni di base$cContributi di Milan Kundera, Massimo Rizzante, Yves Hersant
=264  \1$aTorino :$bMiraggi,$c2017
=300  \\$a217
=700  1\$aAngeloni, Laura$4trl
=910  \\$aABB060
=964  \\
=964  \\$aTRL
=998  \\$ahttp://id.sbn.it/bid/PUV1488082
=OWN  \\$aUCLA

