=LDR  00596    a2200217   4500
=001  it22000777
=003  CZ\PrUCL
=008  221218s1947----it------------------ita-d
=040  \\$aABB060$ccze$erda
=041  1\$aita $hcze
=100  1\$aLanger, František $4aut$7jk01071520
=240  10$aDěti a dýka$1italsky
=245  10$aI fancuilli e il pugnale
=264  \1$aMilano :$bA,$c1947
=300  \\$a178
=700  1\$aGarosci, Cristina Agosti$4trl
=910  \\$aABB060
=964  \\
=964  \\$aTRL
=998  \\$ahttps://galileodiscovery.unipd.it/permalink/39UPD_INST/prmo4k/alma990025853450206046
=OWN  \\$aUCLA

