=LDR  00573    a2200217   4500
=001  it22000778
=003  CZ\PrUCL
=008  221218s1967----it------------------ita-d
=040  \\$aABB060$ccze$erda
=041  1\$aita $hcze
=100  1\$aLanger, Jiří $4aut$7jk01071526
=240  10$aDevět bran : Chasidu tajemství $1italsky
=245  10$aLe nove porte $b I segreti del chassidismo
=264  \1$aMilano :$bAdelphi,$c1967
=300  \\$a252
=700  1\$aRipellino, Ela$4trl
=910  \\$aABB060
=964  \\
=964  \\$aTRL
=998  \\$ahttp://id.sbn.it/bid/RLZ0232226
=OWN  \\$aUCLA

