=LDR  00665    a2200241   4500
=001  it22000779
=003  CZ\PrUCL
=008  221218s2007----it------------------ita-d
=020  \\$a978-88-95120-05-8
=040  \\$aABB060$ccze$erda
=041  1\$aita $hcze
=100  1\$aLanger, Jiří $4aut$7jk01071526
=240  10$aErotika kabaly$1italsky
=245  10$aEros nella Cabbalà $b Il mistero dell'amore; mistica e psicologia del profond
=264  \1$aRoma :$bLa parola,$c2007
=300  \\$a204
=700  1\$aCapuano, Daniele $4trl
=700  1\$a Morselli, Marco$4trl
=910  \\$aABB060
=964  \\
=964  \\$aTRL
=998  \\$ahttp://id.sbn.it/bid/UBO3277079
=OWN  \\$aUCLA

