=LDR  00615    a2200229   4500
=001  it22000780
=003  CZ\PrUCL
=008  221218s1969----it------------------ita-d
=040  \\$aABB060$ccze$erda
=041  1\$aita $hcze
=100  1\$aLinhartová, Věra $4aut$7jk01072187
=240  10$aMeziprůzkum nejblíž uplynulého$1italsky
=245  10$aInteranalisi del fluito prossimo
=264  \1$aTorino :$bEinaudi,$c1969
=300  \\$a259
=700  1\$aRipellino, Ela $4trl
=700  1\$a Ripellino, Angelo Maria$4trl
=910  \\$aABB060
=964  \\
=964  \\$aTRL
=998  \\$ahttp://id.sbn.it/bid/RAV0051997
=OWN  \\$aUCLA

