=LDR  00605    a2200229   4500
=001  it22000781
=003  CZ\PrUCL
=008  221218s1987----it------------------ita-d
=020  \\$a88-7641-048-1
=040  \\$aABB060$ccze$erda
=041  1\$aita $hcze
=100  1\$aLinhartová, Věra $4aut$7jk01072187
=240  10$aMasožravé portréty$1italsky
=245  10$aRitratti carnivori$cRitratto dell'autrice di Sylvie Richterová
=264  \1$aRoma :$bE,$c1987
=300  \\$a76
=700  1\$aFerri, Linda$4trl
=910  \\$aABB060
=964  \\
=964  \\$aTRL
=998  \\$ahttp://id.sbn.it/bid/CFI0121995
=OWN  \\$aUCLA

