=LDR  00604    a2200217   4500
=001  it22000782
=003  CZ\PrUCL
=008  221218s1969----it------------------ita-d
=040  \\$aABB060$ccze$erda
=041  1\$aita $hcze
=100  1\$aWeil, Jiří $4aut$7jk01151482
=240  10$aOriginál neexistuje$1italsky
=245  10$aLa frontiera di Mosca = Il cucchiaio di legno$cPrefazione di Růžena Grebeníčková
=264  \1$aBari :$bLaterza,$c1969
=300  \\$a590
=700  1\$aPacini, Gianlorenzo$4trl
=910  \\$aABB060
=964  \\
=964  \\$aTRL
=998  \\$ahttp://id.sbn.it/bid/VEA1322427
=OWN  \\$aUCLA

