=LDR  00595    a2200229   4500
=001  it22000785
=003  CZ\PrUCL
=008  221218s1992----it------------------ita-d
=020  \\$a88-17-67969-0
=040  \\$aABB060$ccze$erda
=041  1\$aita $hcze
=100  1\$aWeil, Jiří $4aut$7jk01151482
=240  10$aŽivot s hvězdou $1italsky
=245  10$aUna vita con la stella$cPrefazione di Philip Roth
=264  \1$aMilano :$bRizzoli,$c1992
=300  \\$a238
=700  1\$aDierna, Giuseppe$4trl
=910  \\$aABB060
=964  \\
=964  \\$aTRL
=998  \\$ahttp://id.sbn.it/bid/RAV0177604
=OWN  \\$aUCLA

