=LDR  00558    a2200229   4500
=001  it22000786
=003  CZ\PrUCL
=008  221218s1991----it------------------ita-d
=020  \\$a88-04-34602-7
=040  \\$aABB060$ccze$erda
=041  1\$aita $hcze
=100  1\$aKlíma, Ivan $4aut$7jk01060513
=240  10$aLáska a smetí$1italsky
=245  10$aAmore e spazzatura
=264  \1$aMilano :$bA,$c1991
=300  \\$a238
=700  1\$aPacini, Gianlorenzo$4trl
=910  \\$aABB060
=964  \\
=964  \\$aTRL
=998  \\$ahttp://id.sbn.it/bid/RAV0147456
=OWN  \\$aUCLA

