=LDR  00597    a2200229   4500
=001  it22000787
=003  CZ\PrUCL
=008  221218s2012----it------------------ita-d
=020  \\$a978-88-6320-130-7
=040  \\$aABB060$ccze$erda
=041  1\$aita $hcze
=100  1\$aKlíma, Ivan $4aut$7jk01060513
=240  10$aMoje první lásky$1italsky
=245  10$aMiriam$cPrefazione di Dalibor Dobiáš
=264  \1$aAtripalda :$bMephite,$c2012
=300  \\$a92
=700  1\$aIervolino, Maria Teresa$4trl
=910  \\$aABB060
=964  \\
=964  \\$aTRL
=998  \\$ahttp://id.sbn.it/bid/NAP0644387
=OWN  \\$aUCLA

