=LDR  00560    a2200217   4500
=001  it22000788
=003  CZ\PrUCL
=008  221218s1991----it------------------ita-d
=040  \\$aABB060$ccze$erda
=041  1\$aita $hcze
=100  1\$aOrten, Jiří $4aut$7k01091274
=240  10$aEta, Eta, žlutí ptáci$1italsky
=245  10$aEta Eta gli uccelli gialli
=264  \1$aRoma :$bBiblioteca del vascello,$c1991
=300  \\$a22
=700  1\$aFazi, Giancarlo$4trl
=910  \\$aABB060
=964  \\
=964  \\$aTRL
=998  \\$ahttp://id.sbn.it/bid/LIA0235796
=OWN  \\$aUCLA

