=LDR  00591    a2200229   4500
=001  it22000789
=003  CZ\PrUCL
=008  221218s2009----it------------------ita-d
=020  \\$a978-88-89987-20-9
=040  \\$aABB060$ccze$erda
=041  1\$aita $hcze
=100  1\$aZábrana, Jan $4aut$7jz8001457
=240  10$aCelý život$1italsky
=245  10$aTutta una vita$cCon un saggio di Olga Spilar
=264  \1$aPalermo :$bDuepunti ,$c2009
=300  \\$a153
=700  1\$aOuředník, Petr$4trl
=910  \\$aABB060
=964  \\
=964  \\$aTRL
=998  \\$ahttp://id.sbn.it/bid/RMS2210403
=OWN  \\$aUCLA

