=LDR  00595    a2200229   4500
=001  it22000790
=003  CZ\PrUCL
=008  221218s2004----it------------------ita-d
=020  \\$a88-901110-2-X
=040  \\$aABB060$ccze$erda
=041  1\$aita $hcze
=100  1\$aWolker, Jiří $4aut$7jk01151789
=240  10$aBalada o očích topičových $1italsky
=245  10$aLa ballata degli occhi del fochista
=264  \1$aSenago :$bLa pulce,$c2004
=300  \\$a19
=700  1\$aDadone, Viktorka$4trl
=910  \\$aABB060
=964  \\
=964  \\$aTRL
=998  \\$ahttp://id.sbn.it/bid/MIL0642277
=OWN  \\$aUCLA

