=LDR  00591    a2200229   4500
=001  it22000791
=003  CZ\PrUCL
=008  221218s2004----it------------------ita-d
=020  \\$a88-901575-0-X
=040  \\$aABB060$ccze$erda
=041  1\$aita $hcze
=100  1\$aWolker, Jiří $4aut$7jk01151789
=240  10$aBalada o nenarozeném dítěti$1italsky
=245  10$aLa ballata del bambino non nato
=264  \1$aSenago :$bLa pulce,$c2004
=300  \\$a17
=700  1\$aDadone, Viktorka$4trl
=910  \\$aABB060
=964  \\
=964  \\$aTRL
=998  \\$ahttp://id.sbn.it/bid/MIL0651070
=OWN  \\$aUCLA

