=LDR  00536    a2200217   4500
=001  it22000792
=003  CZ\PrUCL
=008  221218s1980----it------------------ita-d
=040  \\$aABB060$ccze$erda
=041  1\$aita $hcze
=100  1\$aZávada, Vilém $4aut$7jk01152210
=240  10$aOriginál neexistuje$1italsky
=245  10$aAlla stazione di confine
=264  \1$aNapoli :$bSEN,$c1980
=300  \\$a65
=700  1\$aBonetti, Ida$4trl
=910  \\$aABB060
=964  \\
=964  \\$aTRL
=998  \\$ahttp://id.sbn.it/bid/MOL0143140
=OWN  \\$aUCLA

