=LDR  00630    a2200241   4500
=001  it22000812
=003  CZ\PrUCL
=008  221218s2018----it------------------ita-d
=020  \\$a978-88-6459-083-7
=040  \\$aABB060$ccze$erda
=041  1\$aita $hcze
=100  1\$aVaculík, Ludvík $4aut$7jk01141068
=240  10$aJaro je tady$1italsky
=245  10$aLa primavera è arrivata
=264  \1$aTrento :$bForme libere,$c2018
=300  \\$a183
=700  1\$aMella, Stefania $4trl
=700  1\$a Šeböková Vannini, Michaela$4trl
=910  \\$aABB060
=964  \\
=964  \\$aTRL
=998  \\$ahttp://id.sbn.it/bid/PUV1502138
=OWN  \\$aUCLA

