=LDR  00603    a2200229   4500
=001  it22000813
=003  CZ\PrUCL
=008  221218s2004----it------------------ita-d
=020  \\$a88-86496-57-5
=040  \\$aABB060$ccze$erda
=041  1\$aita $hcze
=100  1\$aVaculík, Ludvík $4aut$7jk01141068
=240  10$aCesta na Praděd$1italsky
=245  10$aCon i Cavalli in Moravia $b viaggio al Pradě
=264  \1$aTreviso :$bSanti Quaranta,$c2004
=300  \\$a297
=700  1\$aBaratella, Chiara$4trl
=910  \\$aABB060
=964  \\
=964  \\$aTRL
=998  \\$ahttp://id.sbn.it/bid/VIA0124917
=OWN  \\$aUCLA

