=LDR  00517    a2200217   4500
=001  it22000814
=003  CZ\PrUCL
=008  221218s1974----it------------------ita-d
=040  \\$aABB060$ccze$erda
=041  1\$aita $hcze
=100  1\$aVaculík, Ludvík $4aut$7jk01141068
=240  10$aMocata$1italsky
=245  10$aLe cavie 
=264  \1$aMilano :$bGarzanti,$c1974
=300  \\$a188
=700  1\$aVitale, Sergio$4trl
=910  \\$aABB060
=964  \\
=964  \\$aTRL
=998  \\$ahttp://id.sbn.it/bid/RAV0120642
=OWN  \\$aUCLA

