=LDR  00669    a2200241   4500
=001  it22000815
=003  CZ\PrUCL
=008  221218s2005----xx------------------ita-d
=020  \\$a88-8420-267-1
=040  \\$aABB060$ccze$erda
=041  1\$aita $hcze
=100  1\$aWernisch, Ivan $4aut$7jk01151615
=240  10$aOriginál neexistuje$1italsky
=245  10$aCorre voce ovvero La morte ci attendeva altrove$cA cura di Annalisa Cosentino
=264  \1$aUdine :$bForum,$c2005
=300  \\$a166
=700  1\$aOviszach, Ivana $4trl
=700  1\$a Perissutti, Anna Maria$4trl
=910  \\$aABB060
=964  \\
=964  \\$aTRL
=998  \\$ahttp://id.sbn.it/bid/RMB0593759
=OWN  \\$aUCLA

