=LDR  00558    a2200229   4500
=001  it22000818
=003  CZ\PrUCL
=008  221218s2006----it------------------ita-d
=020  \\$a88-6003-023-4
=040  \\$aABB060$ccze$erda
=041  1\$aita $hcze
=100  1\$aTopol, Jáchym $4aut$7jn19990209928
=240  10$aNoční práce$1italsky
=245  10$aLavoro notturno
=264  \1$aRoma :$bAzimut,$c2006
=300  \\$a261
=700  1\$aAngeloni, Laura$4trl
=910  \\$aABB060
=964  \\
=964  \\$aTRL
=998  \\$ahttp://id.sbn.it/bid/LO11081943
=OWN  \\$aUCLA

