=LDR  00576    a2200229   4500
=001  it22000819
=003  CZ\PrUCL
=008  221218s2012----it------------------ita-d
=020  \\$a978-88-95538-83-9
=040  \\$aABB060$ccze$erda
=041  1\$aita $hcze
=100  1\$aTopol, Jáchym $4aut$7jn19990209928
=240  10$aChladnou zemí$1italsky
=245  10$aL'officina del diavolo
=264  \1$aRovereto :$bZandonai,$c2012
=300  \\$a167
=700  1\$aLetizia, Kostner$4trl
=910  \\$aABB060
=964  \\
=964  \\$aTRL
=998  \\$ahttp://id.sbn.it/bid/LO11406160
=OWN  \\$aUCLA

