=LDR  00587    a2200229   4500
=001  it22000820
=003  CZ\PrUCL
=008  221218s2011----it------------------ita-d
=020  \\$a978-88-06-19382-9
=040  \\$aABB060$ccze$erda
=041  1\$aita $hcze
=100  1\$aTopol, Jáchym $4aut$7jn19990209928
=240  10$aKloktat dehet$1italsky
=245  10$aArtisti e animali del circo socialista
=264  \1$aTorino :$bEinaudi,$c2011
=300  \\$a334
=700  1\$aAngeloni, Laura$4trl
=910  \\$aABB060
=964  \\
=964  \\$aTRL
=998  \\$ahttp://id.sbn.it/bid/CAG1827137
=OWN  \\$aUCLA

