=LDR  00563    a2200229   4500
=001  it22000821
=003  CZ\PrUCL
=008  221218s2008----it------------------ita-d
=020  \\$a 978-88-6003-065-8
=040  \\$aABB060$ccze$erda
=041  1\$aita $hcze
=100  1\$aTopol, Jáchym $4aut$7jn19990209928
=240  10$aAnděl$1italsky
=245  10$aL'incrocio dell'Angelo 
=264  \1$aRoma :$bAzimut,$c2008
=300  \\$a149
=700  1\$aAngeloni, Laura$4trl
=910  \\$aABB060
=964  \\
=964  \\$aTRL
=998  \\$ahttp://id.sbn.it/bid/RMS2061537
=OWN  \\$aUCLA

