=LDR  00633    a2200229   4500
=001  it22000822
=003  CZ\PrUCL
=008  221218s2004----it------------------ita-d
=020  \\$a88-87543-73-9
=040  \\$aABB060$ccze$erda
=041  1\$aita $hcze
=100  1\$aSkácel, Jan $4aut$7jk01111393
=240  10$aOriginál neexistuje$1italsky
=245  10$aIl colore del silenzio $b poesie 1957-198 / $cPostfazione di Jaroslaw Mikolajewski
=264  \1$aPesaro :$bMetauro,$c2004
=300  \\$a253
=700  1\$aCosentino, Annalisa$4trl
=910  \\$aABB060
=964  \\
=964  \\$aTRL
=998  \\$ahttp://id.sbn.it/bid/URB0489727
=OWN  \\$aUCLA

