=LDR  00506    a2200205   4500
=001  it22000903
=003  CZ\PrUCL
=008  221218s1981----it------------------ita-d
=040  \\$aABB060$ccze$erda
=041  1\$aita $hcze
=240  10$aChyba broskví  $1italsky
=245  10$aIl difetto delle pesche
=264  \1$aRoma :$bGalleria Don Chisciotte,$c1981
=300  \\$a65
=700  1\$aRichterová, Sylvie$4trl
=910  \\$aABB060
=964  \\
=964  \\$aTRL
=998  \\$ahttp://id.sbn.it/bid/PUV0833972
=OWN  \\$aUCLA

