=LDR  00606    a2200229   4500
=001  it22000904
=003  CZ\PrUCL
=008  221218s2002----it------------------ita-d
=020  \\$a 88-8137-031-X
=040  \\$aABB060$ccze$erda
=041  1\$aita $hcze
=240  10$aDopisy Mileny Jesenské $1italsky
=245  10$aMilena di Praga $b lettere di Milena Jesenska, 1912-194
=264  \1$aTroina :$bCitta aperta,$c2002
=300  \\$a310
=700  1\$aMahlerová, Helena $4trl
=700  1\$a Canal, Claudio$4trl
=910  \\$aABB060
=964  \\
=964  \\$aTRL
=998  \\$ahttp://id.sbn.it/bid/MOD0760286
=OWN  \\$aUCLA

