=LDR  00573    a2200217   4500
=001  it22000905
=003  CZ\PrUCL
=008  221218s1984----it------------------ita-d
=020  \\$a88-7746-240-X
=040  \\$aABB060$ccze$erda
=041  1\$aita $hcze
=240  10$aOriginál neznámý$1italsky
=245  10$aTutto è vita $b con otto lettere a Max Bro / $cA cura di Dorothea Rein
=264  \1$aParma :$bGuanda ,$c1984
=300  \\$a208
=700  1\$aDonatella, Frediani$4trl
=910  \\$aABB060
=964  \\
=964  \\$aTRL
=998  \\$ahttp://id.sbn.it/bid/PAV0058040
=OWN  \\$aUCLA

