=LDR  00605    a2200229   4500
=001  it22000906
=003  CZ\PrUCL
=008  221218s2008----it------------------ita-d
=020  \\$a978-88-902274-4-8
=040  \\$aABB060$ccze$erda
=041  1\$aita $hcze
=240  10$aNový Epiktet$1italsky
=245  10$aIl nuovo Epitteto $cKolargramma di Claudio Canal
=264  \1$aPorto Valtravaglia :$bPoldi libri,$c2008
=300  \\$a159
=700  1\$aCantarello, M. Elena $4trl
=700  1\$a Corduas, Sergio$4trl
=910  \\$aABB060
=964  \\
=964  \\$aTRL
=998  \\$ahttp://id.sbn.it/bid/RMB0687535
=OWN  \\$aUCLA

