=LDR  00589    a2200217   4500
=001  it22000907
=003  CZ\PrUCL
=008  221218s2009----it------------------ita-d
=020  \\$a978-88-902274-5-5
=040  \\$aABB060$ccze$erda
=041  1\$aita $hcze
=240  10$aPrométheova játra$1italsky
=245  10$aIl fegato di prometeo $cTestimone oculare di Vladimír Karfík
=264  \1$aPorto Valtravaglia :$bPoldi Libri,$c2009
=300  \\$a247
=700  1\$aCantarello, Maria Elena$4trl
=910  \\$aABB060
=964  \\
=964  \\$aTRL
=998  \\$ahttp://id.sbn.it/bid/PUV1300618
=OWN  \\$aUCLA

