=LDR  00585    a2200229   4500
=001  it22000908
=003  CZ\PrUCL
=008  221218s2004----it------------------ita-d
=020  \\$a88-7768-407-0
=040  \\$aABB060$ccze$erda
=041  1\$aita $hcze
=100  1\$aWagnerová, Alena $4aut$7jk01151341
=240  10$aOriginál neznámý$1italsky
=245  10$aMilena Jesenská $b una biografi
=264  \1$aMilano :$bArchinto,$c2004
=300  \\$a174
=700  1\$aMainoldi, Carlo $4trl
=910  \\$aABB060
=964  \\
=964  \\$aTRL
=998  \\$ahttp://id.sbn.it/bid/NAP0316022
=OWN  \\$aUCLA

