=LDR  00770    a2200229   4500
=001  it22000909
=003  CZ\PrUCL
=008  221218s2007----it------------------ita-d
=020  \\$a9788884204165
=040  \\$aABB060$ccze$erda
=041  1\$aita$hcze
=100  1\$aJirásková, Marie$4aut$7
=240  10$a Stručná zpráva o trojí volbě : Milena Jesenská, Joachim von Zedtwitz a Jaroslav Nachtmann v roce 1939 a v čase následujícím$1italsky
=245  10$aUna scelta tradita $b Milena Jesenska e la vigilia della guerr
=264  \1$a Udine :$bForum,$c2007
=300  \\$a117
=700  1\$aVenturini, Andrea$4trl
=910  \\$aABB060
=964  \\
=964  \\$aTRL
=998  \\$ahttps://galileodiscovery.unipd.it/permalink/39UPD_INST/prmo4k/alma990015529150206046
=OWN  \\$aUCLA

